ISA*00*          *00*          *ZZ*FRESENIUSPHARMA*01*006981815TST   *221029*0555*U*00401*000000017*0*T*\~
GS*RA*FRESENIUSPHARMA*006981815TST*20221029*0555*000000017*X*004010~
ST*820*0001~
BPR*D*317494.95*C*ACH*CTX*01*021000021*DA*921259974*2300431736**01*041000124*DA*4130172132*20221015*VEN~
TRN*1*2000379925~
N1*PR*FRESENIUS KABI USA, LLC~
N3*THREE CORPORATE DRIVE~
N4*LAKE ZURICH*IL*60047*US~
N1*PE*WEILER LABELING SYSTEMS, LLC~
N3*1256 N CHURCH ST, STE 7~
N4*MOORESTOWN*NJ*08057*US~
ENT*1~
RMR*IV*5100571890**4124.59~
REF*PO*40552~
DTM*004*20220411~
DTM*003*20220413~
RMR*IV*5100573268**22045.00~
REF*PO*40590~
DTM*004*20220419~
DTM*003*20220426~
RMR*IV*5100574970**14000.00~
REF*PO*40628~
DTM*004*20220425~
DTM*003*20220509~
RMR*IV*5100574972**274785.00~
REF*PO*40627~
DTM*004*20220425~
DTM*003*20220509~
RMR*IV*5100575074**939.82~
REF*PO*40708~
DTM*004*20220505~
DTM*003*20220510~
RMR*IV*5100576017**1354.69~
REF*PO*40744~
DTM*004*20220512~
DTM*003*20220517~
RMR*IV*5100577666**245.85~
REF*PO*40814~
DTM*004*20220524~
DTM*003*20220531~
SE*39*0001~
ST*820*0002~
BPR*D*1111.64*C*ACH*CTX*01*021000021*DA*921259974*2300431736**01*271070801*DA*0907682159*20221015*VEN~
TRN*1*2000379923~
N1*PR*FRESENIUS KABI USA, LLC~
N3*THREE CORPORATE DRIVE~
N4*LAKE ZURICH*IL*60047*US~
N1*PE*DAGAR, APARNA~
N3*NA~
N4*LAKE ZURICH***US~
ENT*1~
RMR*IV*1900295535**1021.64~
REF*PO*2D546BC542DF9DFC~
DTM*004*20220525~
DTM*003*20220606~
RMR*IV*1900295536**90.00~
REF*PO*E21E5E634479B2ED~
DTM*004*20220525~
DTM*003*20220606~
SE*19*0002~
ST*820*0003~
BPR*D*94938.81*C*ACH*CTX*01*021000021*DA*921259974*2300431736**01*043000261*DA*1113816*20221020*VEN~
TRN*1*2000379930~
N1*PR*FRESENIUS KABI USA, LLC~
N3*THREE CORPORATE DRIVE~
N4*LAKE ZURICH*IL*60047*US~
N1*PE*WATERS TECHNOLOGY CORPORATION~
N3*PO BOX 7410591~
N4*CHICAGO*IL*60674*US~
ENT*1~
RMR*IV*5100572022**895.96~
REF*PO*230795815~
DTM*004*20220412~
DTM*003*20220414~
RMR*IV*5100572550**1010.72~
REF*PO*230799037~
DTM*004*20220418~
DTM*003*20220420~
RMR*IV*5100572570**994.14~
REF*PO*230798806~
DTM*004*20220418~
DTM*003*20220420~
RMR*IV*5100572918**2881.14~
REF*PO*230800332~
DTM*004*20220420~
DTM*003*20220422~
RMR*IV*5100573573**48.60~
REF*PO*230802801~
DTM*004*20220425~
DTM*003*20220427~
RMR*IV*5100574082**2005.80~
REF*PO*230806035~
DTM*004*20220429~
DTM*003*20220502~
RMR*IV*5100574142**133.66~
REF*PO*230801033~
DTM*004*20220421~
DTM*003*20220503~
RMR*IV*5100574676**1544.09~
REF*PO*230808587~
DTM*004*20220504~
DTM*003*20220506~
RMR*IV*5100575588**734.04~
REF*PO*230811828~
DTM*004*20220510~
DTM*003*20220512~
RMR*IV*5100575643**12464.00~
REF*PO*230811394~
DTM*004*20220510~
DTM*003*20220513~
RMR*IV*5100575644**21702.75~
REF*PO*230811396~
DTM*004*20220510~
DTM*003*20220513~
RMR*IV*5100575645**15432.75~
REF*PO*230811395~
DTM*004*20220510~
DTM*003*20220513~
RMR*IV*5100575696**2981.44~
REF*PO*230812629~
DTM*004*20220511~
DTM*003*20220513~
RMR*IV*5100575934**3093.28~
REF*PO*230813528~
DTM*004*20220512~
DTM*003*20220516~
RMR*IV*5100575935**2804.64~
REF*PO*230813421~
DTM*004*20220512~
DTM*003*20220516~
RMR*IV*5100575937**1621.44~
REF*PO*230813478~
DTM*004*20220512~
DTM*003*20220516~
RMR*IV*5100576431**2406.84~
REF*PO*230815561~
DTM*004*20220517~
DTM*003*20220519~
RMR*IV*5100577011**1886.64~
REF*PO*230818980~
DTM*004*20220523~
DTM*003*20220525~
RMR*IV*5100577329**7065.90~
REF*PO*230796699~
DTM*004*20220413~
DTM*003*20220530~
RMR*IV*5100578320**8700.76~
REF*PO*230824653~
DTM*004*20220602~
DTM*003*20220607~
RMR*IV*5100578350**2545.55~
REF*PO*230825655~
DTM*004*20220603~
DTM*003*20220607~
RMR*IV*5100578352**1984.67~
REF*PO*230825725~
DTM*004*20220603~
DTM*003*20220607~
SE*99*0003~
GE*3*000000017~
IEA*1*000000017~