ISA*00*          *00*          *ZZ*FRESENIUSPHARMT*01*006981815TST   *221029*0555*U*00401*000000017*0*T*\~
GS*RA*FRESENIUSPHARMT*006981815TST*20221029*0555*000000017*X*004010~
ST*820*0001~
BPR*C*705.00*C*CHK**01*071923226*DA*921259958*******20221019~
TRN*1*2000379926~
CUR*PE*USD~
REF*CK*600000*A1~
REF*RU*00000~
N1*PR*FRESENIUS KABI USA, LLC~
N3*THREE CORPORATE DRIVE~
N4*LAKE ZURICH*IL*60047*US~
N1*PE*VAISALA  INC.*91*99069180~
N3*10D GILL STREET~
N4*WOBURN*MA*01801*US~
ENT*1~
RMR*IV*5100577314**705.00~
REF*PO*301235614~
DTM*004*20220525~
DTM*003*20220530~
SE*18*0001~
ST*820*0002~
BPR*C*705.00*C*CHK**01*071923226*DA*921259958*******20221020~
TRN*1*2000379932~
CUR*PE*USD~
REF*CK*600002*A1~
REF*RU*00000~
N1*PR*FRESENIUS KABI USA, LLC~
N3*THREE CORPORATE DRIVE~
N4*LAKE ZURICH*IL*60047*US~
N1*PE*VAISALA  INC.*91*99069180~
N3*10D GILL STREET~
N4*WOBURN*MA*01801*US~
ENT*1~
RMR*IV*5100577314**705.00~
REF*PO*301235614~
DTM*004*20220525~
DTM*003*20220530~
SE*18*0002~
GE*2*000000017~
IEA*1*000000017~