ISA*00*          *00*          *ZZ*FRESENIUSPHARMT*01*006981815TST   *221121*2259*U*00401*100000024*0*T*\~
GS*RA*FRESENIUSPHARMT*006981815TST*20221121*2259*100000024*X*004010~
ST*820*0001~
BPR*C*42.50*C*CHK**01*071923226*DA*921259958*******20221121~
TRN*1*2000379935~
CUR*PE*USD~
REF*CK*600003*A1~
REF*RU*00000~
N1*PR*FRESENIUS KABI, LLC~
N3*THREE CORPORATE DRIVE~
N4*LAKE ZURICH*IL*60047*US~
N1*PE*BAPTIST HEALTH SYSTEM*91*428~
N3*3201 4TH AVE S~
N4*BIRMINGHAM*AL*35283*US~
ENT*1~
RMR*IV*9400374927**2.40*2.40*0.00~
REF*PO*EXPAHU000755026~
DTM*004*20200513~
DTM*003*20200513~
RMR*IV*9400655602**7.20*7.20*0.00~
REF*PO*EXPAHU00712972~
DTM*004*20200814~
DTM*003*20200814~
RMR*IV*9401208782**1.20*1.20*0.00~
REF*PO*EXPAHU00778093~
DTM*004*20210211~
DTM*003*20210211~
RMR*IV*9401629348**26.80*26.80*0.00~
REF*PO*EXPAHU00874583~
DTM*004*20210625~
DTM*003*20210625~
RMR*IV*9401982929**4.90*4.90*0.00~
REF*PO*EXPAHU00996820~
DTM*004*20211014~
DTM*003*20211014~
SE*34*0001~
GE*1*100000024~
IEA*1*100000024~