ISA*00*          *00*          *ZZ*FRESENIUSPHARMT*01*006981815TST   *221121*2220*U*00401*100000019*0*T*\~
GS*RA*FRESENIUSPHARMT*006981815TST*20221121*2220*100000019*X*004010~
ST*820*0001~
BPR*C*1400.00*C*CHK**01*071923226*DA*921259958*******20221121~
TRN*1*2000379940~
CUR*PE*USD~
REF*CK*600008*B1~
REF*RU*00000~
N1*PR*FRESENIUS KABI, LLC~
N3*THREE CORPORATE DRIVE~
N4*LAKE ZURICH*IL*60047*US~
N1*PE*DBA SHRED -IT USA*91*99143364~
N3*28883 NETWORK PLACE~
N4*CHICAGO*IL*606731288*US~
ENT*1~
RMR*IV*1900040413**1400.00*1400.00*0.00~
REF*PO*DBA~
DTM*004*20221121~
DTM*003*20221121~
SE*18*0001~
GE*1*100000019~
IEA*1*100000019~