ISA*00*          *00*          *ZZ*FRESENIUSPHARMT*01*006981815TST   *221121*2248*U*00401*100000022*0*T*\~
GS*RA*FRESENIUSPHARMT*006981815TST*20221121*2248*100000022*X*004010~
ST*820*0001~
BPR*C*1200.00*C*CHK**01*071923226*DA*921259958*******20221121~
TRN*1*2000379937~
CUR*PE*USD~
REF*CK*600005*A1~
REF*RU*00000~
N1*PR*FRESENIUS KABI USA, LLC~
N3*THREE CORPORATE DRIVE~
N4*LAKE ZURICH*IL*60047*US~
N1*PE*WEST PHARMACEUTICAL SERVICES*91*99069716~
N3*530 HERMAN O. WEST DRIVE~
N4*EXTON*PA*19341*US~
ENT*1~
RMR*IV*1900295584**1200.00*1200.00*0.00~
REF*PO*DIRECT CHECK~
DTM*004*20221121~
DTM*003*20221121~
SE*18*0001~
GE*1*100000022~
IEA*1*100000022~