ISA*00*          *00*          *ZZ*FRESENIUSPHARMT*01*006981815TST   *221121*2244*U*00401*100000021*0*T*\~
GS*RA*FRESENIUSPHARMT*006981815TST*20221121*2244*100000021*X*004010~
ST*820*0001~
BPR*C*900.00*C*CHK**01*071923226*DA*921259958*******20221121~
TRN*1*2000379938~
CUR*PE*USD~
REF*CK*600006*A1~
REF*RU*OOHQ1~
N1*PR*FRESENIUS KABI USA, LLC~
N3*THREE CORPORATE DRIVE~
N4*LAKE ZURICH*IL*60047*US~
N1*PE*PRIORITY MAIL & MESSENGER SERVICE*91*99069992~
N3*66152~
N4*CHICAGO*IL*60666*US~
ENT*1~
RMR*IV*1900295583**900.00*900.00*0.00~
REF*PO*TEST OOHQ1~
DTM*004*20221121~
DTM*003*20221121~
SE*18*0001~
GE*1*100000021~
IEA*1*100000021~