ISA*00*          *00*          *ZZ*FRESENIUSPHARMT*01*006981815TST   *221121*2142*U*00401*100000018*0*T*\~
GS*RA*FRESENIUSPHARMT*006981815TST*20221121*2142*100000018*X*004010~
ST*820*0001~
BPR*C*9379.50*C*CHK**01*071923226*DA*921259958*******20221121~
TRN*1*2000379941~
CUR*PE*USD~
REF*CK*600009*A1~
REF*RU*00000~
N1*PR*FRESENIUS KABI, LLC~
N3*THREE CORPORATE DRIVE~
N4*LAKE ZURICH*IL*60047*US~
N1*PE*PHARMAREGS, INC*91*99182612~
N3*1751 STATE ROUTE 17A~
N4*FLORIDA*NY*10921*US~
ENT*1~
RMR*IV*1900038317**1050.00*1050.00*0.00~
REF*PO*4467~
DTM*004*20220401~
DTM*003*20220413~
RMR*IV*1900038784**1281.00*1281.00*0.00~
REF*PO*4572~
DTM*004*20220411~
DTM*003*20220427~
RMR*IV*1900039139**2016.00*2016.00*0.00~
REF*PO*4599~
DTM*004*20220419~
DTM*003*20220503~
RMR*IV*1900039140**1642.50*1642.50*0.00~
REF*PO*4627~
DTM*004*20220428~
DTM*003*20220503~
RMR*IV*1900039410**366.00*366.00*0.00~
REF*PO*4638~
DTM*004*20220506~
DTM*003*20220510~
RMR*IV*1900040086**3024.00*3024.00*0.00~
REF*PO*4666~
DTM*004*20220516~
DTM*003*20220531~
SE*38*0001~
GE*1*100000018~
IEA*1*100000018~