ISA*00*          *00*          *ZZ*FRESENIUSPHARMT*01*006981815TST   *221121*2138*U*00401*100000017*0*T*\~
GS*RA*FRESENIUSPHARMT*006981815TST*20221121*2138*100000017*X*004010~
ST*820*0001~
BPR*C*800.00*C*CHK**01*071923226*DA*921259958*******20221121~
TRN*1*2000379942~
CUR*PE*USD~
REF*CK*600010*A1~
REF*RU*OOHQ1~
N1*PR*FRESENIUS KABI, LLC~
N3*THREE CORPORATE DRIVE~
N4*LAKE ZURICH*IL*60047*US~
N1*PE*PHARMAREGS, INC*91*99182612~
N3*1751 STATE ROUTE 17A~
N4*FLORIDA*NY*10921*US~
ENT*1~
RMR*IV*1900040412**800.00*800.00*0.00~
REF*PO*TEST OOHQ1~
DTM*004*20221121~
DTM*003*20221121~
SE*18*0001~
GE*1*100000017~
IEA*1*100000017~