ISA*00*          *00*          *ZZ*FRESENIUSPHARMT*01*006981815TST   *221121*2255*U*00401*100000023*0*T*\~
GS*RA*FRESENIUSPHARMT*006981815TST*20221121*2255*100000023*X*004010~
ST*820*0001~
BPR*C*3671.00*C*CHK**01*071923226*DA*921259958*******20221121~
TRN*1*2000379936~
CUR*PE*USD~
REF*CK*600004*A1~
REF*RU*00000~
N1*PR*FRESENIUS KABI USA, LLC~
N3*THREE CORPORATE DRIVE~
N4*LAKE ZURICH*IL*60047*US~
N1*PE*FRESENIUS KABI ONCOLOGY LIMITED*91*404631~
N3*PLOT NO 11 SECTOR 32~
N4*GURGOAN*HR*122001*IN~
ENT*1~
RMR*IV*1400372089**3671.00*3671.00*0.00~
REF*PO*9482312029FS~
DTM*004*20190129~
DTM*003*20190129~
SE*18*0001~
GE*1*100000023~
IEA*1*100000023~