ISA*00*          *00*          *ZZ*FRESENIUSPHARMT*01*006981815TST   *221121*2226*U*00401*100000020*0*T*\~
GS*RA*FRESENIUSPHARMT*006981815TST*20221121*2226*100000020*X*004010~
ST*820*0001~
BPR*C*1300.00*C*CHK**01*071923226*DA*921259958*******20221121~
TRN*1*2000379939~
CUR*PE*USD~
REF*CK*600007*A1~
REF*RU*00000~
N1*PR*FRESENIUS KABI USA, LLC~
N3*THREE CORPORATE DRIVE~
N4*LAKE ZURICH*IL*60047*US~
N1*PE*DBA TETS FORMERLY ENDOSAFE INC*91*99070066~
N3*1023 WAPPOO RD~
N4*CHARLESTON*SC*29407*US~
ENT*1~
RMR*IV*1900295585**1300.00*1300.00*0.00~
REF*PO*DBA~
DTM*004*20221121~
DTM*003*20221121~
SE*18*0001~
GE*1*100000020~
IEA*1*100000020~