ISA*00*          *00*          *ZZ*FRESENIUSPHARMT*01*006981815TST   *230614*2020*U*00401*300000005*0*T*\~
GS*RA*FRESENIUSPHARMT*006981815TST*20230614*2020*300000005*X*004010~
ST*820*0001~
BPR*C*150000.00*C*CHK**01*071923226*DA*921259958*******20230614~
TRN*1*2000380633~
CUR*PE*USD~
REF*CK*600125*A1~
REF*RU*00000~
N1*PR*FRESENIUS KABI USA, LLC~
N3*THREE CORPORATE DRIVE~
N4*LAKE ZURICH*IL*60047*US~
N1*PE*ELEMENTAL ALTERNATE PAYEE (TEST)*91*99100907~
N3*PO Box:31396~
N4*OMAHA*NE*681310396*US~
ENT*1~
RMR*IV*TEST FOR ALT PAY**150000.00*150000.00*0.00~
DTM*004*20230608~
DTM*003*20230608~
SE*17*0001~
ST*820*0002~
BPR*C*26250.00*C*CHK**01*071923226*DA*921259958*******20230614~
TRN*1*2000380634~
CUR*PE*USD~
REF*CK*600126*A1~
REF*RU*00000~
N1*PR*FRESENIUS KABI USA, LLC~
N3*THREE CORPORATE DRIVE~
N4*LAKE ZURICH*IL*60047*US~
N1*PE*SYSTEMS RESEARCH, INC.*91*99209640~
N3*1250 BANK DR*Street2 -Test~
N4*SCHAUMBURG*IL*60173*US~
ENT*1~
RMR*IV*RET-220426**6000.00*6000.00*0.00~
DTM*004*20220421~
DTM*003*20220531~
RMR*IV*18660**20250.00*20250.00*0.00~
DTM*004*20220502~
DTM*003*20220531~
SE*20*0002~
GE*2*300000005~
IEA*1*300000005~