ISA*00*          *00*          *ZZ*FRESENIUSPHARMT*01*006981815TST   *230603*0434*U*00401*300000000*0*T*\~
GS*RA*FRESENIUSPHARMT*006981815TST*20230603*0434*300000000*X*004010~
ST*820*0001~
BPR*C*611.33*C*CHK**01*CHASCATTXXX*DA*4000011205*******20230602~
TRN*1*2000040751~
CUR*PE*CAD~
REF*CK*400006*C1~
REF*RU*00000~
N1*PR*FRESENIUS KABI CANADA LTD.~
N3*165 GALAXY BLVD~
N4*TORONTO*ON*M9W 0C8*CA~
N1*PE*WILSON CONTINGENT TALENT SOLUTIONS*91*99207915~
N3*2000 44 VICTORIA STREET~
N4*TORONTO*ON*M5C 1Y2*CA~
N1*PE*CRAWFORD PACKAGING INC*91*99204601~
N3*3036 PAGE ST~
N4*LONDON*ON*N5V 4P2*CA~
ENT*1~
RMR*IV*N190967/E**611.33*611.33*0.00~
DTM*004*20220527~
DTM*003*20220530~
SE*20*0001~
GE*1*300000000~
IEA*1*300000000~