ISA*00*          *00*          *ZZ*FRESENIUSPHARMT*01*006981815TST   *221123*2113*U*00401*100000027*0*T*\~
GS*RA*FRESENIUSPHARMT*006981815TST*20221123*2113*100000027*X*004010~
ST*820*0001~
BPR*C*1778.20*C*CHK**01*071923226*DA*921259958*******20221123~
TRN*1*2000379980~
CUR*PE*USD~
REF*CK*600030*A1~
REF*RU*00000~
N1*PR*FRESENIUS KABI USA, LLC~
N3*THREE CORPORATE DRIVE~
N4*LAKE ZURICH*IL*60047*US~
N1*PE*THOUSAND CRANES PHARMACY*91*779634~
N3*1832 BUCHANAN ST STE 203~
N4*SAN FRANCISCO*CA*94115*US~
ENT*1~
RMR*IV*1600088362**6000.00*6000.00*0.00~
REF*PO*CREDIT MEMO1~
DTM*004*20221122~
DTM*003*20221122~
RMR*CL*1800002735**5000.00**0.00~
DTM*004*20221122~
DTM*003*20221122~
RMR*IV*9402711235**778.20*778.20*0.00~
REF*PO*I55 CREDIT MEMO~
DTM*004*20221014~
DTM*003*20221014~
SE*25*0001~
ST*820*0002~
BPR*C*581.54*C*CHK**01*071923226*DA*921259958*******20221123~
TRN*1*2000379981~
CUR*PE*USD~
REF*CK*600031*B1~
REF*RU*00000~
N1*PR*FRESENIUS KABI, LLC~
N3*THREE CORPORATE DRIVE~
N4*LAKE ZURICH*IL*60047*US~
N1*PE*ROCKY MOUNTAIN REG MED CTR*91*868719~
N3*1700 N WHEELING ST 119~
N4*AURORA*CO*80045*US~
ENT*1~
RMR*IV*1600037733**120.00*120.00*0.00~
REF*PO*CREDIT MEMO1~
DTM*004*20221122~
DTM*003*20221122~
RMR*CL*1800000298**500.00**0.00~
DTM*004*20221122~
DTM*003*20221122~
RMR*IV*9401327631**239.23*239.23*0.00~
REF*PO*DM4592~
DTM*004*20210323~
DTM*003*20210323~
RMR*IV*9401327632**127.33*127.33*0.00~
REF*PO*DM5450~
DTM*004*20210323~
DTM*003*20210323~
RMR*IV*9402391032**594.98*594.98*0.00~
REF*PO*DM370004487~
DTM*004*20220225~
DTM*003*20220225~
SE*33*0002~
ST*820*0003~
BPR*C*1305095.00*C*CHK**01*071923226*DA*921259958*******20221123~
TRN*1*2000379982~
CUR*PE*USD~
REF*CK*600032*A1~
REF*RU*00000~
N1*PR*FRESENIUS KABI USA, LLC~
N3*THREE CORPORATE DRIVE~
N4*LAKE ZURICH*IL*60047*US~
N1*PE*SCINO PHARM TAIWAN LTD*91*99050573~
N3*NO.1 NAN-KE, 8TH ROAD, TAINAN~
N4*TAIWAN**741*TW~
ENT*1~
RMR*IV*5100576611**159390.00*159390.00*0.00~
REF*PO*90013816~
DTM*004*20220512~
DTM*003*20220521~
RMR*IV*5100576664**271580.00*271580.00*0.00~
REF*PO*90013799~
DTM*004*20220506~
DTM*003*20220523~
RMR*IV*5100577944**874125.00*874125.00*0.00~
REF*PO*90013821~
DTM*004*20220513~
DTM*003*20220602~
SE*26*0003~
ST*820*0004~
BPR*C*790900.00*C*CHK**01*071923226*DA*921259958*******20221123~
TRN*1*2000379983~
CUR*PE*USD~
REF*CK*600033*A1~
REF*RU*OOHQ1~
N1*PR*FRESENIUS KABI USA, LLC~
N3*THREE CORPORATE DRIVE~
N4*LAKE ZURICH*IL*60047*US~
N1*PE*SCINO PHARM TAIWAN LTD*91*99050573~
N3*NO.1 NAN-KE, 8TH ROAD, TAINAN~
N4*TAIWAN**741*TW~
ENT*1~
RMR*IV*1900295587**790900.00*790900.00*0.00~
REF*PO*HQ1~
DTM*004*20221122~
DTM*003*20221122~
SE*18*0004~
ST*820*0005~
BPR*C*42458.00*C*CHK**01*071923226*DA*921259958*******20221123~
TRN*1*2000379984~
CUR*PE*USD~
REF*CK*600034*A1~
REF*RU*00000~
N1*PR*FRESENIUS KABI USA, LLC~
N3*THREE CORPORATE DRIVE~
N4*LAKE ZURICH*IL*60047*US~
N1*PE*MEERSMAN ELECTRIC LTD.*91*99070003~
N3*5920 N EAST CIRCLE~
N4*CHICAGO*IL*60631*US~
ENT*1~
RMR*CL*1700012831**1500.00**0.00~
DTM*004*20221122~
DTM*003*20221122~
RMR*IV*1900295586**1000.00*1000.00*0.00~
REF*PO*DEBIT MEMO~
DTM*004*20221122~
DTM*003*20221122~
RMR*IV*5100570175**4625.00*4625.00*0.00~
REF*PO*3805~
DTM*004*20220325~
DTM*003*20220331~
RMR*IV*5100576301**3525.00*3525.00*0.00~
REF*PO*3842~
DTM*004*20220516~
DTM*003*20220518~
RMR*IV*5100576997**1890.00*1890.00*0.00~
REF*PO*3848~
DTM*004*20220523~
DTM*003*20220525~
RMR*IV*5100576998**2350.00*2350.00*0.00~
REF*PO*3849~
DTM*004*20220523~
DTM*003*20220525~
RMR*IV*5100576999**1045.00*1045.00*0.00~
REF*PO*3850~
DTM*004*20220523~
DTM*003*20220525~
RMR*IV*5100577000**875.00*875.00*0.00~
REF*PO*3852~
DTM*004*20220523~
DTM*003*20220525~
RMR*IV*5100577001**1025.00*1025.00*0.00~
REF*PO*3851~
DTM*004*20220523~
DTM*003*20220525~
RMR*IV*5100577017**2865.00*2865.00*0.00~
REF*PO*3845~
DTM*004*20220516~
DTM*003*20220525~
RMR*IV*5100577453**8318.00*8318.00*0.00~
REF*PO*3844~
DTM*004*20220516~
DTM*003*20220531~
RMR*IV*5100577454**12150.00*12150.00*0.00~
REF*PO*3840~
DTM*004*20220516~
DTM*003*20220531~
RMR*IV*5100577455**3485.00*3485.00*0.00~
REF*PO*3841~
DTM*004*20220516~
DTM*003*20220531~
RMR*IV*5100577748**805.00*805.00*0.00~
REF*PO*3843~
DTM*004*20220516~
DTM*003*20220601~
SE*69*0005~
ST*820*0006~
BPR*C*5888.62*C*CHK**01*071923226*DA*921259958*******20221123~
TRN*1*2000379985~
CUR*PE*USD~
REF*CK*600035*A1~
REF*RU*00000~
N1*PR*FRESENIUS KABI USA, LLC~
N3*THREE CORPORATE DRIVE~
N4*LAKE ZURICH*IL*60047*US~
N1*PE*DBA TEST K.P. ENTERPRISES, INC.*91*99070012~
N3*792 COUNTY LINE ROAD UNIT A~
N4*BENSENVILLE*IL*601063204*US~
ENT*1~
RMR*IV*5100574467**4563.62*4563.62*0.00~
REF*PO*6371~
DTM*004*20220503~
DTM*003*20220505~
RMR*IV*5100578410**1325.00*1325.00*0.00~
REF*PO*6392~
DTM*004*20220603~
DTM*003*20220607~
SE*22*0006~
ST*820*0007~
BPR*C*43000.00*C*CHK**01*071923226*DA*921259958*******20221123~
TRN*1*2000379986~
CUR*PE*USD~
REF*CK*600036*A1~
REF*RU*00000~
N1*PR*FRESENIUS KABI USA, LLC~
N3*THREE CORPORATE DRIVE~
N4*LAKE ZURICH*IL*60047*US~
N1*PE*COEUS CONSULTING GROUP, LLC*91*99207423~
N3*307 NORTH FAIRFIELD ROAD~
N4*DEVON*PA*19333*US~
ENT*1~
RMR*IV*5100574573**21500.00*21500.00*0.00~
REF*PO*2321~
DTM*004*20220420~
DTM*003*20220505~
RMR*IV*5100575263**21500.00*21500.00*0.00~
REF*PO*2349~
DTM*004*20220506~
DTM*003*20220511~
SE*22*0007~
ST*820*0008~
BPR*C*22626.25*C*CHK**01*071923226*DA*921259958*******20221123~
TRN*1*2000379987~
CUR*PE*USD~
REF*CK*600037*B1~
REF*RU*00000~
N1*PR*FRESENIUS KABI, LLC~
N3*THREE CORPORATE DRIVE~
N4*LAKE ZURICH*IL*60047*US~
N1*PE*COEUS CONSULTING GROUP, LLC*91*99207423~
N3*307 NORTH FAIRFIELD ROAD~
N4*DEVON*PA*19333*US~
ENT*1~
RMR*CL*1700000290**21500.00**0.00~
DTM*004*20220325~
DTM*003*20220428~
RMR*IV*5100008841**44126.25*44126.25*0.00~
REF*PO*2323~
DTM*004*20220331~
DTM*003*20220504~
SE*21*0008~
ST*820*0009~
BPR*C*95500.00*C*CHK**01*071923226*DA*921259958*******20221123~
TRN*1*2000379988~
CUR*PE*USD~
REF*CK*600038*A1~
REF*RU*00000~
N1*PR*FRESENIUS KABI, LLC~
N3*THREE CORPORATE DRIVE~
N4*LAKE ZURICH*IL*60047*US~
N1*PE*WEST FRONT STRATEGIES LLC*91*99209437~
N3*1201 PENNSYLVANIA AVE., NW~
N4*WASHINGTON*DC*20004*US~
ENT*1~
RMR*IV*1900040417**32500.00*32500.00*0.00~
REF*PO*TEST OOHQ1~
DTM*004*20221122~
DTM*003*20221122~
RMR*IV*5100008732**14000.00*14000.00*0.00~
REF*PO*4-2022-3231~
DTM*004*20220413~
DTM*003*20220421~
RMR*IV*5100008733**14000.00*14000.00*0.00~
REF*PO*4-2022-3230~
DTM*004*20220413~
DTM*003*20220421~
RMR*IV*5100008734**7000.00*7000.00*0.00~
REF*PO*4-2022-3229~
DTM*004*20220413~
DTM*003*20220421~
RMR*IV*5100008816**14000.00*14000.00*0.00~
REF*PO*5-2022-3255~
DTM*004*20220501~
DTM*003*20220503~
RMR*IV*5100008996**14000.00*14000.00*0.00~
REF*PO*6-2022-3248~
DTM*004*20220601~
DTM*003*20220603~
SE*38*0009~
ST*820*0010~
BPR*C*689345.00*C*CHK**01*071923226*DA*921259958*******20221123~
TRN*1*2000379989~
CUR*PE*USD~
REF*CK*600039*A1~
REF*RU*OOHQ1~
N1*PR*FRESENIUS KABI, LLC~
N3*THREE CORPORATE DRIVE~
N4*LAKE ZURICH*IL*60047*US~
N1*PE*WEST FRONT STRATEGIES LLC*91*99209437~
N3*1201 PENNSYLVANIA AVE., NW~
N4*WASHINGTON*DC*20004*US~
ENT*1~
RMR*IV*1900040418**689345.00*689345.00*0.00~
REF*PO*OOHQ1~
DTM*004*20221122~
DTM*003*20221122~
SE*18*0010~
ST*820*0011~
BPR*C*6480.00*C*CHK**01*071923226*DA*921259958*******20221123~
TRN*1*2000379990~
CUR*PE*USD~
REF*CK*600040*B1~
REF*RU*00000~
N1*PR*FRESENIUS KABI, LLC~
N3*THREE CORPORATE DRIVE~
N4*LAKE ZURICH*IL*60047*US~
N1*PE*NC&E, LLC*91*99209855~
N3*4 PROGRESS ROAD~
N4*GREENVILLE*SC*29609*US~
ENT*1~
RMR*CL*1700000298**570.00**0.00~
DTM*004*20221122~
DTM*003*20221122~
RMR*IV*1900040415**6700.00*6700.00*0.00~
REF*PO*VENDOR INVOICE~
DTM*004*20221122~
DTM*003*20221122~
RMR*IV*5100008691**350.00*350.00*0.00~
REF*PO*8747~
DTM*004*20220411~
DTM*003*20220414~
SE*25*0011~
GE*11*100000027~
IEA*1*100000027~