ISA*00*          *00*          *ZZ*FRESENIUSPHARMT*01*006981815TST   *230608*1702*U*00401*100000037*0*T*\~
GS*RA*FRESENIUSPHARMT*006981815TST*20230608*1702*100000037*X*004010~
ST*820*0001~
BPR*C*150000.00*C*CHK**01*071923226*DA*921259958*******20230608~
TRN*1*2000380617~
CUR*PE*USD~
REF*CK*600125*A1~
REF*RU*00000~
N1*PR*FRESENIUS KABI USA, LLC~
N3*THREE CORPORATE DRIVE~
N4*LAKE ZURICH*IL*60047*US~
N1*PE*ELEMENTAL ALTERNATE PAYEE (TEST)*91*99100907~
N3*31396~
N4*OMAHA*NE*681310396*US~
ENT*1~
RMR*IV*TEST FOR ALT PAY**150000.00*150000.00*0.00~
DTM*004*20230608~
DTM*003*20230608~
SE*17*0001~
ST*820*0002~
BPR*C*26250.00*C*CHK**01*071923226*DA*921259958*******20230608~
TRN*1*2000380618~
CUR*PE*USD~
REF*CK*600126*A1~
REF*RU*00000~
N1*PR*FRESENIUS KABI USA, LLC~
N3*THREE CORPORATE DRIVE~
N4*LAKE ZURICH*IL*60047*US~
N1*PE*SYSTEMS RESEARCH, INC.*91*99209640~
N3*1250 BANK DR~
N4*SCHAUMBURG*IL*60173*US~
ENT*1~
RMR*IV*RET-220426**6000.00*6000.00*0.00~
DTM*004*20220421~
DTM*003*20220531~
RMR*IV*18660**20250.00*20250.00*0.00~
DTM*004*20220502~
DTM*003*20220531~
SE*20*0002~
ST*820*0003~
BPR*C*172277.65*C*CHK**01*071923226*DA*921259958*******20230608~
TRN*1*2000380619~
CUR*PE*USD~
REF*CK*600127*A1~
REF*RU*00000~
N1*PR*FRESENIUS KABI USA, LLC~
N3*THREE CORPORATE DRIVE~
N4*LAKE ZURICH*IL*60047*US~
N1*PE*THE LINCOLN NATIONAL LIFE INSURANCE*91*99210637~
N3*1301 HARRISON STREET~
N4*FORT WAYNE*IN*46802*US~
ENT*1~
RMR*IV*20722**39492.99*39492.99*0.00~
NTE*OTH*CLAIMS FOR THE WEEK OF 02/01/2022 - 02/07/2022.~
DTM*004*20220525~
DTM*003*20220531~
RMR*IV*30722**42209.56*42209.56*0.00~
NTE*OTH*CLAIMS FOR THE WEEK OF 03/01/2022 - 03/07/2022.~
DTM*004*20220525~
DTM*003*20220531~
RMR*IV*31422**43854.53*43854.53*0.00~
NTE*OTH*CLAIMS FOR THE WEEK OF 03/08/2022 - 03/14/2022.~
DTM*004*20220525~
DTM*003*20220531~
RMR*IV*53022**46720.57*46720.57*0.00~
DTM*004*20220531~
DTM*003*20220606~
SE*29*0003~
GE*3*100000037~
IEA*1*100000037~