ISA*00*          *00*          *ZZ****230113*0450*U*00401*100000032*0**\
GS*RA***20230113*0450*100000032*X*004010
ST*820*0001
BPR*C*63018.05*C*CHK**01*071923226*DA*921259958*******20230106
TRN*1*2000380245
CUR*PE*USD
REF*CK*600119*B1
REF*RU*00HQ1
N1*PR*FRESENIUS KABI, LLC
N3*THREE CORPORATE DRIVE
N4*LAKE ZURICH*IL*60047*US
N1*PE*ALLINA HEALTH SYSTEM*91*770
N3*2925 CHICAGO AVE
N4*MINNEAPOLIS*MN*55407*US
ENT*1
RMR*IV*9175612**146.00*146.00*0.00
DTM*004*20210125
DTM*003*20210125
RMR*IV*9175612**337.25*337.25*0.00
DTM*004*20210125
DTM*003*20210125
RMR*IV*091000013746321**2425.20*2425.20*0.00
DTM*004*20210427
DTM*003*20210427
RMR*IV*091000013746321**2425.20*2425.20*0.00
DTM*004*20210427
DTM*003*20210427
RMR*IV*091000015824678**6995.62*6995.62*0.00
DTM*004*20220426
DTM*003*20220426
RMR*IV*091000015824678**72766.41*72766.41*0.00
DTM*004*20220426
DTM*003*20220426
RMR*IV*091000015824678**26485.88*26485.88*0.00
DTM*004*20220426
DTM*003*20220426
RMR*IV*CO19-00039121**219.31*219.31*0.00
DTM*004*20200828
DTM*003*20200828
RMR*IV*RENAE**290.53*290.53*0.00
DTM*004*20200828
DTM*003*20200828
RMR*IV*EXUMH000648549**1.20*1.20*0.00
DTM*004*20210113
DTM*003*20210113
RMR*IV*EXUMH000724360**1.20*1.20*0.00
DTM*004*20210211
DTM*003*20210211
RMR*IV*9401071338**104.32*104.32*0.00
DTM*004*20210326
DTM*003*20210326
RMR*IV*EXUMH000744238**1.80*1.80*0.00
DTM*004*20210329
DTM*003*20210329
RMR*IV*EXUMH000761747**5.70*5.70*0.00
DTM*004*20210412
DTM*003*20210412
RMR*IV*EXUMH00761748**0.81*0.81*0.00
DTM*004*20210412
DTM*003*20210412
RMR*IV*EXUMH000761748**46.58*46.58*0.00
DTM*004*20210426
DTM*003*20210426
RMR*IV*EXUMHOOO877132**0.74*0.74*0.00
DTM*004*20211014
DTM*003*20211014
RMR*IV*EXUMH000814288**4.05*4.05*0.00
DTM*004*20211014
DTM*003*20211014
RMR*IV*EXUMH001010485**10.20*10.20*0.00
DTM*004*20211216
DTM*003*20211216
RMR*IV*EXUMN**25.61*25.61*0.00
DTM*004*20211216
DTM*003*20211216
RMR*IV*EXUMH000961260**5.19*5.19*0.00
DTM*004*20211216
DTM*003*20211216
RMR*IV*EXUMH001010484**7.76*7.76*0.00
DTM*004*20211216
DTM*003*20211216
RMR*IV*RENAE**740.59*740.59*0.00
DTM*004*20220121
DTM*003*20220121
RMR*IV*121221**182.77*182.77*0.00
DTM*004*20220121
DTM*003*20220121
RMR*IV*EXUMH000877132**0.40*0.40*0.00
DTM*004*20220218
DTM*003*20220218
RMR*IV*EXUMH001129026**10.88*10.88*0.00
DTM*004*20220218
DTM*003*20220218
RMR*CL*031022L**-59.14**0.00
DTM*004*20220314
DTM*003*20220314
RMR*IV*EXUMH000939388**0.30*0.30*0.00
DTM*004*20220316
DTM*003*20220316
RMR*IV*EXUMH000796854**2.72*2.72*0.00
DTM*004*20220316
DTM*003*20220316
RMR*IV*JAZMYNE**172.20*172.20*0.00
DTM*004*20220321
DTM*003*20220321
RMR*IV*EXUMH00961258**12.01*12.01*0.00
DTM*004*20220322
DTM*003*20220322
RMR*CL*HOME INFUSION**-1799.20**0.00
DTM*004*20220324
DTM*003*20220324
RMR*CL*032322SH**-474.75**0.00
DTM*004*20220328
DTM*003*20220328
RMR*CL*042122SH**-285.12**0.00
DTM*004*20220425
DTM*003*20220425
RMR*CL*HOMEINFUSION**-2399.04**0.00
DTM*004*20220428
DTM*003*20220428
RMR*CL*0502PHARM**-2375.00**0.00
DTM*004*20220503
DTM*003*20220503
RMR*CL*0503PHARM**-20257.20**0.00
DTM*004*20220504
DTM*003*20220504
RMR*CL*0503PHARM**-242.18**0.00
DTM*004*20220504
DTM*003*20220504
RMR*CL*050322SH**-416.21**0.00
DTM*004*20220504
DTM*003*20220504
RMR*CL*B838244**-21247.10**0.00
DTM*004*20220504
DTM*003*20220504
RMR*CL*0505PHARM**-353.82**0.00
DTM*004*20220509
DTM*003*20220509
RMR*CL*B838255**-553.02**0.00
DTM*004*20220510
DTM*003*20220510
RMR*IV*121221**51.40*51.40*0.00
DTM*004*20220524
DTM*003*20220524
SE*143*0001
ST*820*0002
BPR*C*96.15*C*CHK**01*071923226*DA*921259958*******20230106
TRN*1*2000380246
CUR*PE*USD
REF*CK*600120*B1
REF*RU*00HQ1
N1*PR*FRESENIUS KABI, LLC
N3*THREE CORPORATE DRIVE
N4*LAKE ZURICH*IL*60047*US
N1*PE*UNITY HEALTHCARE LLC*91*771
N3*1345 UNITY PL
N4*LAFAYETTE*IN*47905*US
ENT*1
RMR*IV*RECALL PACKING L**49.00*49.00*0.00
DTM*004*20201002
DTM*003*20201002
RMR*IV*LABEL**47.15*47.15*0.00
DTM*004*20201023
DTM*003*20201023
SE*20*0002
ST*820*0003
BPR*C*39083.09*C*CHK**01*071923226*DA*921259958*******20230106
TRN*1*2000380247
CUR*PE*USD
REF*CK*600121*B1
REF*RU*00HQ1
N1*PR*FRESENIUS KABI, LLC
N3*THREE CORPORATE DRIVE
N4*LAKE ZURICH*IL*60047*US
N1*PE*SUMMA HEALTH SYSTEM*91*772
N3*525 E MARKET ST
N4*AKRON*OH*44309*US
ENT*1
RMR*IV*9401851091**41942.78*41942.78*0.00
DTM*004*20220124
DTM*003*20220124
RMR*CL*75900637200 IV B**-1113.00**0.00
DTM*004*20220512
DTM*003*20220512
RMR*CL*75900637200**-280.55**0.00
DTM*004*20220512
DTM*003*20220512
RMR*CL*75900637200**-174.81**0.00
DTM*004*20220519
DTM*003*20220519
RMR*CL* 75900637200 IV**-277.20**0.00
DTM*004*20220524
DTM*003*20220524
RMR*CL* 75900637200 IV**-835.80**0.00
DTM*004*20220526
DTM*003*20220526
RMR*CL*75900637200MGT**-178.33**0.00
DTM*004*20220607
DTM*003*20220607
SE*35*0003
ST*820*0004
BPR*C*13707.60*C*CHK**01*071923226*DA*921259958*******20230106
TRN*1*2000380248
CUR*PE*USD
REF*CK*600122*B1
REF*RU*00HQ1
N1*PR*FRESENIUS KABI, LLC
N3*THREE CORPORATE DRIVE
N4*LAKE ZURICH*IL*60047*US
N1*PE*METHODIST HOSPITAL PHARMACY*91*773
N3*6565 FANNIN ST
N4*HOUSTON*TX*77030*US
ENT*1
RMR*IV*9402169558**13707.60*13707.60*0.00
DTM*004*20220125
DTM*003*20220125
SE*17*0004
ST*820*0005
BPR*C*62.88*C*CHK**01*071923226*DA*921259958*******20230106
TRN*1*2000380249
CUR*PE*USD
REF*CK*600123*B1
REF*RU*00HQ1
N1*PR*FRESENIUS KABI, LLC
N3*THREE CORPORATE DRIVE
N4*LAKE ZURICH*IL*60047*US
N1*PE*KALEIDA HEALTH*91*776
N3*726 EXCHANGE ST STE 200
N4*BUFFALO*NY*14210*US
ENT*1
RMR*IV*EXUMH000724403**46.92*46.92*0.00
DTM*004*20200911
DTM*003*20200911
RMR*IV*EXUMH000630975**2.76*2.76*0.00
DTM*004*20200923
DTM*003*20200923
RMR*IV*EXUMH000779458**1.38*1.38*0.00
DTM*004*20210512
DTM*003*20210512
RMR*IV*EXUMH000779459**0.82*0.82*0.00
DTM*004*20210512
DTM*003*20210512
RMR*IV*EXUMH000779460**1.38*1.38*0.00
DTM*004*20210512
DTM*003*20210512
RMR*IV*EXUMH001035194**4.10*4.10*0.00
DTM*004*20220218
DTM*003*20220218
RMR*IV*EXUMH000877267**1.38*1.38*0.00
DTM*004*20220315
DTM*003*20220315
RMR*IV*EXUMH000877268**0.69*0.69*0.00
DTM*004*20220315
DTM*003*20220315
RMR*IV*EXUMH000939427**3.45*3.45*0.00
DTM*004*20220316
DTM*003*20220316
SE*41*0005
ST*820*0006
BPR*C*740.00*C*CHK**01*071923226*DA*921259958*******20230106
TRN*1*2000380250
CUR*PE*USD
REF*CK*600124*B1
REF*RU*00HQ1
N1*PR*FRESENIUS KABI, LLC
N3*THREE CORPORATE DRIVE
N4*LAKE ZURICH*IL*60047*US
N1*PE*TENNESSEE CANCER SPECIALIST PLLC*91*779
N3*900 E HILL AVE STE 230
N4*KNOXVILLE*TN*37915*US
ENT*1
RMR*IV*1600037581**2000.00*2000.00*0.00
DTM*004*20220531
DTM*003*20220531
RMR*CL*06012022**-360.00**0.00
DTM*004*20220601
DTM*003*20220601
RMR*CL*06012022**-900.00**0.00
DTM*004*20220607
DTM*003*20220607
SE*23*0006
ST*820*0007
BPR*C*5.88*C*CHK**01*071923226*DA*921259958*******20230106
TRN*1*2000380251
CUR*PE*USD
REF*CK*600125*B1
REF*RU*00HQ1
N1*PR*FRESENIUS KABI, LLC
N3*THREE CORPORATE DRIVE
N4*LAKE ZURICH*IL*60047*US
N1*PE*CENTENE CORPORATION*91*780
N3*7700 FORSYTH BLVD
N4*SAINT LOUIS*MO*63105*US
ENT*1
RMR*IV*EXPAHU01065046**5.88*5.88*0.00
DTM*004*20211216
DTM*003*20211216
SE*17*0007
ST*820*0008
BPR*C*88.20*C*CHK**01*071923226*DA*921259958*******20230106
TRN*1*2000380252
CUR*PE*USD
REF*CK*600126*B1
REF*RU*00HQ1
N1*PR*FRESENIUS KABI, LLC
N3*THREE CORPORATE DRIVE
N4*LAKE ZURICH*IL*60047*US
N1*PE*HILLCO LTD*91*783
N3*1435 HWY 258 NORTH
N4*KINSTON*NC*28501*US
ENT*1
RMR*IV*RECALL PACKING L**87.60*87.60*0.00
DTM*004*20190426
DTM*003*20190426
RMR*IV*EXUCR000215779**0.60*0.60*0.00
DTM*004*20201118
DTM*003*20201118
SE*20*0008
ST*820*0009
BPR*C*933.52*C*CHK**01*071923226*DA*921259958*******20230106
TRN*1*2000380253
CUR*PE*USD
REF*CK*600127*B1
REF*RU*00HQ1
N1*PR*FRESENIUS KABI, LLC
N3*THREE CORPORATE DRIVE
N4*LAKE ZURICH*IL*60047*US
N1*PE*SANFORD MEDICAL CENTER FARGO*91*784
N3*801 BROADWAY NORTH
N4*FARGO*ND*58102*US
ENT*1
RMR*IV*CRSL10520KLG**106.84*106.84*0.00
DTM*004*20210202
DTM*003*20210202
RMR*IV*EXUCH001032838**2.91*2.91*0.00
DTM*004*20210625
DTM*003*20210625
RMR*IV*JOYCE**182.75*182.75*0.00
DTM*004*20210820
DTM*003*20210820
RMR*IV*JOYCE**154.71*154.71*0.00
DTM*004*20210820
DTM*003*20210820
RMR*IV*JOYCE**184.66*184.66*0.00
DTM*004*20211008
DTM*003*20211008
RMR*IV*EXUCH001119353**147.95*147.95*0.00
DTM*004*20211014
DTM*003*20211014
RMR*IV*EXUCH001180931**2.55*2.55*0.00
DTM*004*20211216
DTM*003*20211216
RMR*IV*EXUCH001209563**0.85*0.85*0.00
DTM*004*20211216
DTM*003*20211216
RMR*IV*EXUCH001209562**1.62*1.62*0.00
DTM*004*20211216
DTM*003*20211216
RMR*IV*RECALL PACKING L**2.91*2.91*0.00
DTM*004*20211216
DTM*003*20211216
RMR*IV*ADELLE**2406.32*2406.32*0.00
DTM*004*20220121
DTM*003*20220121
RMR*IV*EXUCH00127959**13.60*13.60*0.00
DTM*004*20220218
DTM*003*20220218
RMR*IV*EXUCH001254375**18.70*18.70*0.00
DTM*004*20220322
DTM*003*20220322
RMR*IV*EXUCH001392950**0.68*0.68*0.00
DTM*004*20220404
DTM*003*20220404
RMR*CL*SMCF050922DH**-663.91**0.00
DTM*004*20220509
DTM*003*20220509
RMR*CL*SMCF051322DH**-373.27**0.00
DTM*004*20220516
DTM*003*20220516
RMR*CL*IVRM051322MLR1**-1256.35**0.00
DTM*004*20220516
DTM*003*20220516
SE*65*0009
ST*820*0010
BPR*C*14947.00*C*CHK**01*071923226*DA*921259958*******20230106
TRN*1*2000380254
CUR*PE*USD
REF*CK*600128*B1
REF*RU*00HQ1
N1*PR*FRESENIUS KABI, LLC
N3*THREE CORPORATE DRIVE
N4*LAKE ZURICH*IL*60047*US
N1*PE*BARNES HEALTH CARE SERVICES*91*786
N3*200 S PATTERSON ST
N4*VALDOSTA*GA*31603*US
ENT*1
RMR*IV*35314**14595.00*14595.00*0.00
NTE*OTH*REFUND DENISE.CARPENTER@BARNESHC.COM 2292456001
DTM*004*20211012
DTM*003*20211012
RMR*IV*RECALL PACKING L**352.00*352.00*0.00
DTM*004*20220607
DTM*003*20220607
SE*21*0010
ST*820*0011
BPR*C*390.51*C*CHK**01*071923226*DA*921259958*******20230106
TRN*1*2000380255
CUR*PE*USD
REF*CK*600129*B1
REF*RU*00HQ1
N1*PR*FRESENIUS KABI, LLC
N3*THREE CORPORATE DRIVE
N4*LAKE ZURICH*IL*60047*US
N1*PE*GOOD SAMARITAN HOSPITAL*91*788
N3*3600 NW SAMARITAN DR
N4*CORVALLIS*OR*97330*US
ENT*1
RMR*IV*GRXU221322**892.25*892.25*0.00
DTM*004*20210113
DTM*003*20210113
RMR*IV*GRXV364792**794.25*794.25*0.00
DTM*004*20211014
DTM*003*20211014
RMR*CL*051022FKRX**-1295.99**0.00
DTM*004*20220512
DTM*003*20220512
SE*23*0011
ST*820*0012
BPR*C*192.62*C*CHK**01*071923226*DA*921259958*******20230106
TRN*1*2000380256
CUR*PE*USD
REF*CK*600130*B1
REF*RU*00HQ1
N1*PR*FRESENIUS KABI, LLC
N3*THREE CORPORATE DRIVE
N4*LAKE ZURICH*IL*60047*US
N1*PE*FREEMAN HEALTH SYSTEM*91*801
N3*1102 W 32ND ST
N4*JOPLIN*MO*648043503*US
ENT*1
RMR*IV*EXPAHU00816423**3.42*3.42*0.00
DTM*004*20201002
DTM*003*20201002
RMR*IV*EXPAHU00856493**64.06*64.06*0.00
DTM*004*20210412
DTM*003*20210412
RMR*IV*EXPAHU00856473**116.64*116.64*0.00
DTM*004*20210512
DTM*003*20210512
RMR*IV*EXPAHU01065013**1.70*1.70*0.00
DTM*004*20211216
DTM*003*20211216
RMR*IV*EXPAHU01115629**6.80*6.80*0.00
DTM*004*20211216
DTM*003*20211216
SE*29*0012
ST*820*0013
BPR*C*70.27*C*CHK**01*071923226*DA*921259958*******20230106
TRN*1*2000380257
CUR*PE*USD
REF*CK*600131*B1
REF*RU*00HQ1
N1*PR*FRESENIUS KABI, LLC
N3*THREE CORPORATE DRIVE
N4*LAKE ZURICH*IL*60047*US
N1*PE*KINDRED HEALTHCARE*91*805
N3*680 SOUTH 4TH ST
N4*LOUISVILLE*KY*40202*US
ENT*1
RMR*IV*CARLOS**70.27*70.27*0.00
DTM*004*20211008
DTM*003*20211008
SE*17*0013
ST*820*0014
BPR*C*25537.08*C*CHK**01*071923226*DA*921259958*******20230106
TRN*1*2000380258
CUR*PE*USD
REF*CK*600132*A1
REF*RU*00HQ1
N1*PR*FRESENIUS KABI USA, LLC
N3*THREE CORPORATE DRIVE
N4*LAKE ZURICH*IL*60047*US
N1*PE*DBA TEST CUSTOMER FK 403704*91*403704
N3*BLDB 3 (ELSE KRONER STR 1)
N4*LAKE ZURICH*IL*60047*US
ENT*1
RMR*IV*IHC  USD  22093**30.78*30.78*0.00
DTM*004*20220523
DTM*003*20220523
RMR*IV*CREDIT MEMO**600000.00*600000.00*0.00
DTM*004*20221205
DTM*003*20221205
RMR*IV*5211-FKAG CC**25297.10*25297.10*0.00
DTM*004*20211015
DTM*003*20211015
RMR*CL*4114-FKDG 91181**-41356.39**0.00
DTM*004*20220128
DTM*003*20220128
RMR*CL*4116-FKDG 91181**-37689.17**0.00
DTM*004*20220223
DTM*003*20220223
RMR*CL*4116-FKDG 91181**-52710.87**0.00
DTM*004*20220324
DTM*003*20220324
RMR*CL*5233-FKAG CC**-181157.31**0.00
DTM*004*20220329
DTM*003*20220329
RMR*CL*5206-FKAG CC**-6000.00**0.00
DTM*004*20220330
DTM*003*20220330
RMR*CL*5200-KALYANI**-910.00**0.00
DTM*004*20220418
DTM*003*20220418
RMR*CL*5201-KALYANI**-1137.50**0.00
DTM*004*20220418
DTM*003*20220418
RMR*CL*4116-FKDG 91181**-90355.67**0.00
DTM*004*20220426
DTM*003*20220426
RMR*CL*4116-FKDG 91181**-133473.89**0.00
DTM*004*20220527
DTM*003*20220527
RMR*CL*CREDIT MEMO1**-55000.00**0.00
DTM*004*20221205
DTM*003*20221205
SE*53*0014
ST*820*0015
BPR*C*4386.34*C*CHK**01*071923226*DA*921259958*******20230106
TRN*1*2000380259
CUR*PE*USD
REF*CK*600133*B1
REF*RU*00HQ1
N1*PR*FRESENIUS KABI, LLC
N3*THREE CORPORATE DRIVE
N4*LAKE ZURICH*IL*60047*US
N1*PE*DBA TEST CUSTOMER FARGPM 901139*91*901139
N3*8710 E 34TH ST N
N4*WICHITA*KS*67226*US
ENT*1
RMR*IV*CREDIT MEMO2**25000.00*25000.00*0.00
DTM*004*20221205
DTM*003*20221205
RMR*CL*501608**-1364.96**0.00
NTE*OTH*TEST CUSTOMER DETAIL
DTM*004*20220425
DTM*003*20220425
RMR*CL*501609**-880.20**0.00
DTM*004*20220518
DTM*003*20220518
RMR*CL*PO011005-1**-1080.50**0.00
DTM*004*20220523
DTM*003*20220523
RMR*CL*PO011039-1**-17288.00**0.00
DTM*004*20220531
DTM*003*20220531
SE*30*0015
ST*820*0016
BPR*C*244.55*C*CHK**01*071923226*DA*921259958*******20230106
TRN*1*2000380260
CUR*PE*USD
REF*CK*600134*A1
REF*RU*00000
N1*PR*FRESENIUS KABI USA, LLC
N3*THREE CORPORATE DRIVE
N4*LAKE ZURICH*IL*60047*US
N1*PE*DIVYA PATEL*91*100200
N3*1910 WARM BREEZE LANE
N4*CUMMING*GA*30040*US
ENT*1
RMR*IV*DP05252022**244.55*244.55*0.00
DTM*004*20220525
DTM*003*20220602
SE*17*0016
ST*820*0017
BPR*C*964.43*C*CHK**01*071923226*DA*921259958*******20230106
TRN*1*2000380261
CUR*PE*USD
REF*CK*600135*B1
REF*RU*00000
N1*PR*FRESENIUS KABI, LLC
N3*THREE CORPORATE DRIVE
N4*LAKE ZURICH*IL*60047*US
N1*PE*ULINE*91*99040142
N3*12575 ULINE DRIVE
N4*PLEASANT PRAIRIE*WI*53158*US
ENT*1
RMR*IV*149512870**653.33*653.33*0.00
DTM*004*20220527
DTM*003*20220601
RMR*IV*149732051**311.10*311.10*0.00
DTM*004*20220603
DTM*003*20220607
SE*20*0017
ST*820*0018
BPR*C*840963.82*C*CHK**01*071923226*DA*921259958*******20230106
TRN*1*2000380262
CUR*PE*USD
REF*CK*600136*B1
REF*RU*00000
N1*PR*FRESENIUS KABI, LLC
N3*THREE CORPORATE DRIVE
N4*LAKE ZURICH*IL*60047*US
N1*PE*DBA FEBWAL INC TEST FOR RCP*91*99064907
N3*SN THREE CORPORATE DRIVE 3RD FLOOR
N4*LAKE ZURICH*IL*600478930*US
ENT*1
RMR*IV*5299-AD CLEANUP**69762.56*69762.56*0.00
DTM*004*20211230
DTM*003*20211230
RMR*IV*5244-IC LLC**652000.00*652000.00*0.00
DTM*004*20211231
DTM*003*20211231
RMR*IV*5299B-AD CLEANUP**1770.21*1770.21*0.00
DTM*004*20211230
DTM*003*20211230
RMR*IV*5201 FW TO FKLLC**6282.25*6282.25*0.00
DTM*004*20220128
DTM*003*20220128
RMR*IV*5202 FW TO FKLLC**1207.75*1207.75*0.00
DTM*004*20220128
DTM*003*20220128
RMR*IV*5299B-AD CLEANUP**1720.60*1720.60*0.00
DTM*004*20220131
DTM*003*20220131
RMR*IV*5281B-CC TO 2101**11262.09*11262.09*0.00
DTM*004*20220202
DTM*003*20220131
RMR*IV*5200 FW TO FKLLC**1268.15*1268.15*0.00
DTM*004*20220225
DTM*003*20220225
RMR*IV*5201 FW TO FKLLC**6126.83*6126.83*0.00
DTM*004*20220225
DTM*003*20220225
RMR*IV*5299-AD CLEANUP**1389.61*1389.61*0.00
DTM*004*20220228
DTM*003*20220228
RMR*IV*5299D-AD CLEANUP**4101.91*4101.91*0.00
DTM*004*20220228
DTM*003*20220228
RMR*IV*5210 FW TO FKLLC**1841.95*1841.95*0.00
DTM*004*20220426
DTM*003*20220427
RMR*IV*5211 FW TO FKLLC**12905.15*12905.15*0.00
DTM*004*20220426
DTM*003*20220427
RMR*IV*5212 FW TO FKLLC**1328.55*1328.55*0.00
DTM*004*20220428
DTM*003*20220428
RMR*IV*5213 FW TO FKLLC**8670.65*8670.65*0.00
DTM*004*20220428
DTM*003*20220428
RMR*IV*5299B-AD CLEANUP**236.66*236.66*0.00
DTM*004*20220430
DTM*003*20220430
RMR*IV*5299B-AD CLEANUP**1588.90*1588.90*0.00
DTM*004*20220531
DTM*003*20220531
RMR*CL*CREDIT MEMO**-12500.00**0.00
DTM*004*20221205
DTM*003*20221205
RMR*IV*CASH DIS REF**49000.00*50000.00*1000.00
DTM*004*20221205
DTM*003*20221205
RMR*IV*VALUES IN LINE**3500.00*3500.00*0.00
DTM*004*20221206
DTM*003*20221206
RMR*IV*CASH DIS TEST**15000.00*15000.00*0.00
DTM*004*20221206
DTM*003*20221206
RMR*IV*1234566789**2500.00*2500.00*0.00
DTM*004*20221206
DTM*003*20221206
SE*80*0018
ST*820*0019
BPR*C*75000.00*C*CHK**01*071923226*DA*921259958*******20230106
TRN*1*2000380263
CUR*PE*USD
REF*CK*600137*B1
REF*RU*00HQ1
N1*PR*FRESENIUS KABI, LLC
N3*THREE CORPORATE DRIVE
N4*LAKE ZURICH*IL*60047*US
N1*PE*DBA FEBWAL INC TEST FOR RCP*91*99064907
N3*SN THREE CORPORATE DRIVE 3RD FLOOR
N4*LAKE ZURICH*IL*600478930*US
ENT*1
RMR*IV*HQ1 TEST**75000.00*75000.00*0.00
DTM*004*20221227
DTM*003*20221227
SE*17*0019
ST*820*0020
BPR*C*1505.00*C*CHK**01*071923226*DA*921259958*******20230106
TRN*1*2000380264
CUR*PE*USD
REF*CK*600138*A1
REF*RU*00000
N1*PR*FRESENIUS KABI USA, LLC
N3*THREE CORPORATE DRIVE
N4*LAKE ZURICH*IL*60047*US
N1*PE*VAISALA  INC.*91*99069180
N3*10D GILL STREET
N4*WOBURN*MA*01801*US
ENT*1
RMR*IV*PARTIAL PMNT- TE**800.00*800.00*0.00
DTM*004*20221116
DTM*003*20221118
RMR*IV*301235614**705.00*705.00*0.00
DTM*004*20220525
DTM*003*20220530
SE*20*0020
ST*820*0021
BPR*C*15000.00*C*CHK**01*071923226*DA*921259958*******20230106
TRN*1*2000380265
CUR*PE*USD
REF*CK*600139*A1
REF*RU*00000
N1*PR*FRESENIUS KABI USA, LLC
N3*THREE CORPORATE DRIVE
N4*LAKE ZURICH*IL*60047*US
N1*PE*MKS ASTEX PROD. INC.*91*99069192
N3*90 INDUSTRIAL WAY
N4*WILMINGTON*MA*01887*US
ENT*1
RMR*IV*TEST**15000.00*15000.00*0.00
DTM*004*20220929
DTM*003*20220929
SE*17*0021
ST*820*0022
BPR*C*62443.39*C*CHK**01*071923226*DA*921259958*******20230106
TRN*1*2000380266
CUR*PE*USD
REF*CK*600140*A1
REF*RU*00000
N1*PR*FRESENIUS KABI USA, LLC
N3*THREE CORPORATE DRIVE
N4*LAKE ZURICH*IL*60047*US
N1*PE*DBA CDW DIRECT LLC FOR RCP TEST*91*99069257
N3*200 N MILWAUKEE AVE
N4*VERNON HILLS*IL*60061*US
ENT*1
RMR*CL*CREDIT MEMO - TE**-2500.00**0.00
DTM*004*20221206
DTM*003*20221206
RMR*IV*CASH DIS TEST**14700.00*15000.00*300.00
DTM*004*20221206
DTM*003*20221206
RMR*IV*VALUES IN LINE**3500.00*3500.00*0.00
NTE*OTH*ACCOUNT NO 1234567890-01234 TEST FOR RCP123456789
DTM*004*20221206
DTM*003*20221206
RMR*IV*T196563**12122.88*12122.88*0.00
DTM*004*20220308
DTM*003*20220317
RMR*IV*W355627**2403.42*2403.42*0.00
DTM*004*20220425
DTM*003*20220427
RMR*IV*W570413**1261.68*1261.68*0.00
DTM*004*20220428
DTM*003*20220429
RMR*IV*W675556**14537.91*14537.91*0.00
DTM*004*20220430
DTM*003*20220504
RMR*IV*W791023**2233.96*2233.96*0.00
DTM*004*20220503
DTM*003*20220509
RMR*IV*X015987**398.22*398.22*0.00
DTM*004*20220509
DTM*003*20220515
RMR*IV*W768565**199.20*199.20*0.00
DTM*004*20220503
DTM*003*20220526
RMR*IV*X733923**52.20*52.20*0.00
DTM*004*20220525
DTM*003*20220526
RMR*IV*X771194**116.12*116.12*0.00
DTM*004*20220525
DTM*003*20220527
RMR*IV*X889645**13417.80*13417.80*0.00
DTM*004*20220527
DTM*003*20220602
SE*54*0022
ST*820*0023
BPR*C*5000.00*C*CHK**01*071923226*DA*921259958*******20230106
TRN*1*2000380267
CUR*PE*USD
REF*CK*600141*A1
REF*RU*00HQ1
N1*PR*FRESENIUS KABI USA, LLC
N3*THREE CORPORATE DRIVE
N4*LAKE ZURICH*IL*60047*US
N1*PE*DBA CDW DIRECT LLC FOR RCP TEST*91*99069257
N3*200 N MILWAUKEE AVE
N4*VERNON HILLS*IL*60061*US
ENT*1
RMR*IV*HQ1 TEST**5000.00*5000.00*0.00
DTM*004*20221227
DTM*003*20221227
SE*17*0023
ST*820*0024
BPR*C*18304.32*C*CHK**01*071923226*DA*921259958*******20230106
TRN*1*2000380268
CUR*PE*USD
REF*CK*600142*A1
REF*RU*00000
N1*PR*FRESENIUS KABI USA, LLC
N3*THREE CORPORATE DRIVE
N4*LAKE ZURICH*IL*60047*US
N1*PE*ARAMARK CLEAN ROOM SERVICES*91*99069336
N3*1037 HEMLOCK ST
N4*SCRANTON*PA*18505*US
ENT*1
RMR*IV*001383062818**90.60*90.60*0.00
DTM*004*20220530
DTM*003*20220602
RMR*IV*001383062824**1405.64*1405.64*0.00
DTM*004*20220530
DTM*003*20220602
RMR*IV*001383062825**6132.39*6132.39*0.00
DTM*004*20220530
DTM*003*20220606
RMR*IV*001383062823**10255.50*10255.50*0.00
DTM*004*20220530
DTM*003*20220606
RMR*IV*001383062819**420.19*420.19*0.00
DTM*004*20220530
DTM*003*20220606
SE*29*0024
ST*820*0025
BPR*C*138.27*C*CHK**01*071923226*DA*921259958*******20230106
TRN*1*2000380269
CUR*PE*USD
REF*CK*600143*A1
REF*RU*00000
N1*PR*FRESENIUS KABI USA, LLC
N3*THREE CORPORATE DRIVE
N4*LAKE ZURICH*IL*60047*US
N1*PE*K & M PRINTING CO, INC.,*91*99069345
N3*1410 N. MEACHAM ROAD
N4*SCHAUMBURG*IL*60173*US
ENT*1
RMR*IV*22-37957**67.44*67.44*0.00
DTM*004*20220527
DTM*003*20220601
RMR*IV*22-37913**70.83*70.83*0.00
DTM*004*20220526
DTM*003*20220602
SE*20*0025
ST*820*0026
BPR*C*3736.27*C*CHK**01*071923226*DA*921259958*******20230106
TRN*1*2000380270
CUR*PE*USD
REF*CK*600144*A1
REF*RU*00000
N1*PR*FRESENIUS KABI USA, LLC
N3*THREE CORPORATE DRIVE
N4*LAKE ZURICH*IL*60047*US
N1*PE*CINTAS CORPORATION*91*99069448
N3*1150 WINDHAM PARKWAY
N4*ROMEOVILLE*IL*60446*US
ENT*1
RMR*IV*4120754508**571.38*571.38*0.00
DTM*004*20220527
DTM*003*20220602
RMR*IV*4118854451**52.84*52.84*0.00
DTM*004*20220509
DTM*003*20220602
RMR*IV*4121433063**1841.34*1841.34*0.00
DTM*004*20220603
DTM*003*20220607
RMR*IV*4121432688**506.25*506.25*0.00
DTM*004*20220603
DTM*003*20220607
RMR*IV*4121432406**31.79*31.79*0.00
DTM*004*20220603
DTM*003*20220607
RMR*IV*4121432386**26.50*26.50*0.00
DTM*004*20220603
DTM*003*20220607
RMR*IV*4121432473**635.02*635.02*0.00
DTM*004*20220603
DTM*003*20220607
RMR*IV*4121432437**71.15*71.15*0.00
DTM*004*20220603
DTM*003*20220607
SE*38*0026
ST*820*0027
BPR*C*116.96*C*CHK**01*071923226*DA*921259958*******20230106
TRN*1*2000380271
CUR*PE*USD
REF*CK*600145*A1
REF*RU*00000
N1*PR*FRESENIUS KABI USA, LLC
N3*THREE CORPORATE DRIVE
N4*LAKE ZURICH*IL*60047*US
N1*PE*TRANSCAT*91*99069462
N3*35 VANTAGE POINT DR
N4*ROCHESTER*NY*14624*US
ENT*1
RMR*IV*1896353**116.96*116.96*0.00
DTM*004*20220409
DTM*003*20220603
SE*17*0027
ST*820*0028
BPR*C*35258.72*C*CHK**01*071923226*DA*921259958*******20230106
TRN*1*2000380272
CUR*PE*USD
REF*CK*600146*A1
REF*RU*00000
N1*PR*FRESENIUS KABI USA, LLC
N3*THREE CORPORATE DRIVE
N4*LAKE ZURICH*IL*60047*US
N1*PE*DBA METROHM FOR TEST*91*99069466
N3*9250 CAMDEN FIELD PARKWAY
N4*RIVERVIEW*FL*33578*US
ENT*1
RMR*CL*NEG SIGN (-) TES**-630.00**0.00
NTE*OTH*ACCOUNT NO TO BE PRINTED ON THE CHECK - TEST
DTM*004*20221205
DTM*003*20221205
RMR*IV*281-580067219**1013.91*1013.91*0.00
DTM*004*20220418
DTM*003*20220419
RMR*IV*281-580067758**141.83*141.83*0.00
DTM*004*20220419
DTM*003*20220421
RMR*IV*281-580067332**1841.31*1841.31*0.00
DTM*004*20220418
DTM*003*20220429
RMR*IV*281-580068415**1759.46*1759.46*0.00
DTM*004*20220425
DTM*003*20220429
RMR*IV*281-580068978**6121.80*6121.80*0.00
DTM*004*20220429
DTM*003*20220502
RMR*IV*281-580069029**14742.00*14742.00*0.00
DTM*004*20220429
DTM*003*20220504
RMR*IV*281-580068963**1329.83*1329.83*0.00
DTM*004*20220429
DTM*003*20220506
RMR*IV*281-580069376**8938.58*8938.58*0.00
DTM*004*20220505
DTM*003*20220512
SE*42*0028
ST*820*0029
BPR*C*75.86*C*CHK**01*071923226*DA*921259958*******20230106
TRN*1*2000380273
CUR*PE*USD
REF*CK*600147*A1
REF*RU*00000
N1*PR*FRESENIUS KABI USA, LLC
N3*THREE CORPORATE DRIVE
N4*LAKE ZURICH*IL*60047*US
N1*PE*MOTION INDUSTRIES INC*91*99069660
N3*2380 UNITED LANE
N4*ELK GROVE VILLAGE*IL*60007*US
ENT*1
RMR*IV*IL22-00902894**36.50*36.50*0.00
DTM*004*20220603
DTM*003*20220607
RMR*IV*IL22-00902891**39.36*39.36*0.00
DTM*004*20220603
DTM*003*20220607
SE*20*0029
ST*820*0030
BPR*C*1440.90*C*CHK**01*071923226*DA*921259958*******20230106
TRN*1*2000380274
CUR*PE*USD
REF*CK*600148*B1
REF*RU*00000
N1*PR*FRESENIUS KABI, LLC
N3*THREE CORPORATE DRIVE
N4*LAKE ZURICH*IL*60047*US
N1*PE*ARAMARK UNIFORM SERVICES*91*99070044
N3*25259 NETWORK PLACE
N4*CHICAGO*IL*60673*US
ENT*1
RMR*IV*000230770720**91.41*91.41*0.00
DTM*004*20220512
DTM*003*20220517
RMR*IV*588000473298**240.71*240.71*0.00
DTM*004*20221205
DTM*003*20220520
RMR*IV*3050003095**157.86*157.86*0.00
DTM*004*20220519
DTM*003*20220525
RMR*IV*5880009084**241.45*241.45*0.00
DTM*004*20220519
DTM*003*20220602
RMR*IV*6240020651**470.23*470.23*0.00
DTM*004*20220517
DTM*003*20220606
RMR*IV*5880014366**239.24*239.24*0.00
DTM*004*20220526
DTM*003*20220607
SE*32*0030
ST*820*0031
BPR*C*1265.98*C*CHK**01*071923226*DA*921259958*******20230106
TRN*1*2000380275
CUR*PE*USD
REF*CK*600149*A1
REF*RU*00000
N1*PR*FRESENIUS KABI USA, LLC
N3*THREE CORPORATE DRIVE
N4*LAKE ZURICH*IL*60047*US
N1*PE*AIRGAS NORTH CENTRAL*91*99070095
N3*1601 NICHOLAS BLVD
N4*ELK GROVE VILLAGE*IL*600075614*US
ENT*1
RMR*IV*9126110264**325.58*325.58*0.00
DTM*004*20220523
DTM*003*20220525
RMR*IV*9126289453**940.40*940.40*0.00
DTM*004*20220527
DTM*003*20220603
SE*20*0031
ST*820*0032
BPR*C*28000.11*C*CHK**01*071923226*DA*921259958*******20230106
TRN*1*2000380276
CUR*PE*USD
REF*CK*600150*A1
REF*RU*00000
N1*PR*FRESENIUS KABI USA, LLC
N3*THREE CORPORATE DRIVE
N4*LAKE ZURICH*IL*60047*US
N1*PE*J.P. GRAHAM CO. & ASSOCIATES, INC.*91*99070267
N3*P.O. BOX 885
N4*ANTIOCH*IL*60002*US
ENT*1
RMR*IV*421564**800.00*800.00*0.00
DTM*004*20220529
DTM*003*20220603
RMR*IV*421546**100.00*100.00*0.00
DTM*004*20220508
DTM*003*20220603
RMR*IV*421538**6050.11*6050.11*0.00
DTM*004*20220508
DTM*003*20220603
RMR*IV*421543**520.00*520.00*0.00
DTM*004*20220508
DTM*003*20220603
RMR*IV*421530**4710.00*4710.00*0.00
DTM*004*20220501
DTM*003*20220603
RMR*IV*421509**5200.00*5200.00*0.00
DTM*004*20220410
DTM*003*20220603
RMR*IV*421518**3340.00*3340.00*0.00
DTM*004*20220424
DTM*003*20220603
RMR*IV*421528**4400.00*4400.00*0.00
DTM*004*20220501
DTM*003*20220603
RMR*IV*421544**2880.00*2880.00*0.00
DTM*004*20220508
DTM*003*20220606
SE*41*0032
ST*820*0033
BPR*C*7971.42*C*CHK**01*071923226*DA*921259958*******20230106
TRN*1*2000380277
CUR*PE*USD
REF*CK*600151*B1
REF*RU*00000
N1*PR*FRESENIUS KABI, LLC
N3*THREE CORPORATE DRIVE
N4*LAKE ZURICH*IL*60047*US
N1*PE*BARAK BUSINESS SERVICES CORP.*91*99082037
N3*538 N. YORK ROAD
N4*BENSENVILLE*IL*60106*US
ENT*1
RMR*IV*84441**2236.60*2236.60*0.00
DTM*004*20220420
DTM*003*20220429
RMR*IV*84452**4950.31*4950.31*0.00
DTM*004*20220422
DTM*003*20220505
RMR*IV*84467**784.51*784.51*0.00
DTM*004*20220502
DTM*003*20220510
SE*23*0033
ST*820*0034
BPR*C*5546.58*C*CHK**01*071923226*DA*921259958*******20230106
TRN*1*2000380278
CUR*PE*USD
REF*CK*600152*A1
REF*RU*00000
N1*PR*FRESENIUS KABI USA, LLC
N3*THREE CORPORATE DRIVE
N4*LAKE ZURICH*IL*60047*US
N1*PE*APPLIED MEASUREMENT & CONTROLS, INC*91*99086243
N3*314 HOGAN ROAD
N4*FAIRPORT*NY*14450*US
ENT*1
RMR*IV*119476**5546.58*5546.58*0.00
DTM*004*20220506
DTM*003*20220510
SE*17*0034
ST*820*0035
BPR*C*1858.98*C*CHK**01*071923226*DA*921259958*******20230106
TRN*1*2000380279
CUR*PE*USD
REF*CK*600153*A1
REF*RU*00000
N1*PR*FRESENIUS KABI USA, LLC
N3*THREE CORPORATE DRIVE
N4*LAKE ZURICH*IL*60047*US
N1*PE*SENSITECH INC.*91*99087343
N3*800 CUMMINGS CENTER, STE 258X
N4*BEVERLY*MA*01915*US
ENT*1
RMR*IV*1158910**1858.98*1858.98*0.00
DTM*004*20220516
DTM*003*20220605
SE*17*0035
ST*820*0036
BPR*C*8570.25*C*CHK**01*071923226*DA*921259958*******20230106
TRN*1*2000380280
CUR*PE*USD
REF*CK*600154*B1
REF*RU*00000
N1*PR*FRESENIUS KABI, LLC
N3*THREE CORPORATE DRIVE
N4*LAKE ZURICH*IL*60047*US
N1*PE*VEOLIA ENVIRONMENTAL SERVICES TECHN*91*99090862
N3*73709
N4*CHICAGO*IL*606737709*US
ENT*1
RMR*IV*INV-75727**8570.25*8570.25*0.00
DTM*004*20220523
DTM*003*20220603
SE*17*0036
ST*820*0037
BPR*C*2026.63*C*CHK**01*071923226*DA*921259958*******20230106
TRN*1*2000380281
CUR*PE*USD
REF*CK*600155*B1
REF*RU*00000
N1*PR*FRESENIUS KABI, LLC
N3*THREE CORPORATE DRIVE
N4*LAKE ZURICH*IL*60047*US
N1*PE*LABELMASTER/AMERICANLABELMARK CO*91*99096405
N3*5724 N PULASKI ROAD
N4*CHICAGO*IL*60646*US
ENT*1
RMR*IV*INV734485**1274.40*1274.40*0.00
DTM*004*20220504
DTM*003*20220506
RMR*IV*INV735390**439.36*439.36*0.00
DTM*004*20220504
DTM*003*20220512
RMR*IV*INV738601**146.54*146.54*0.00
DTM*004*20220520
DTM*003*20220525
RMR*IV*INV738602**166.33*166.33*0.00
DTM*004*20220520
DTM*003*20220606
SE*26*0037
ST*820*0038
BPR*C*8370.00*C*CHK**01*071923226*DA*921259958*******20230106
TRN*1*2000380282
CUR*PE*USD
REF*CK*600156*B1
REF*RU*00000
N1*PR*FRESENIUS KABI, LLC
N3*THREE CORPORATE DRIVE
N4*LAKE ZURICH*IL*60047*US
N1*PE*BAR CODE DIRECT, INC.*91*99105982
N3*41 NORTH MAIN ST.
N4*NORTH GRAFTON*MA*01536*US
ENT*1
RMR*IV*59219**8370.00*8370.00*0.00
DTM*004*20220228
DTM*003*20220605
SE*17*0038
ST*820*0039
BPR*C*386.33*C*CHK**01*071923226*DA*921259958*******20230106
TRN*1*2000380283
CUR*PE*USD
REF*CK*600157*B1
REF*RU*00000
N1*PR*FRESENIUS KABI, LLC
N3*THREE CORPORATE DRIVE
N4*LAKE ZURICH*IL*60047*US
N1*PE*TELASSIST INC*91*99108141
N3*PO BOX 95117
N4*CHICAGO*IL*60694*US
ENT*1
RMR*IV*000025-436-091**386.33*386.33*0.00
DTM*004*20220601
DTM*003*20220607
SE*17*0039
ST*820*0040
BPR*C*2931.14*C*CHK**01*071923226*DA*921259958*******20230106
TRN*1*2000380284
CUR*PE*USD
REF*CK*600158*B1
REF*RU*00HQ1
N1*PR*FRESENIUS KABI, LLC
N3*THREE CORPORATE DRIVE
N4*LAKE ZURICH*IL*60047*US
N1*PE*CANTEEN REFRESHMENT SERVICES*91*99112369
N3*91337
N4*CHICAGO*IL*606931337*US
ENT*1
RMR*CL*CREDIT TEST 1500**-100.00**0.00
NTE*OTH*TEST CREDIT
DTM*004*20230101
DTM*003*20230106
RMR*IV*HQ1TEST NO CINPM**2000.00*2000.00*0.00
NTE*OTH*HQ1 TEST NO SEPARATE CHECK INDICATOR
DTM*004*20230101
DTM*003*20230106
RMR*IV*GSP17728**160.50*160.50*0.00
DTM*004*20220426
DTM*003*20220430
RMR*IV*MKE14432**269.03*269.03*0.00
NTE*OTH*TEST 1500 TEXT
DTM*004*20220425
DTM*003*20220531
RMR*IV*MKE14226**195.03*197.00*1.97
DTM*004*20220420
DTM*003*20220531
RMR*IV*MKE14320**246.08*246.08*0.00
DTM*004*20220425
DTM*003*20220531
RMR*IV*GSP18431**160.50*160.50*0.00
DTM*004*20220531
DTM*003*20220602
SE*38*0040
ST*820*0041
BPR*C*500.00*C*CHK**01*071923226*DA*921259958*******20230106
TRN*1*2000380285
CUR*PE*USD
REF*CK*600159*B1
REF*RU*00HQ1
N1*PR*FRESENIUS KABI, LLC
N3*THREE CORPORATE DRIVE
N4*LAKE ZURICH*IL*60047*US
N1*PE*CANTEEN REFRESHMENT SERVICES*91*99112369
N3*91337
N4*CHICAGO*IL*606931337*US
ENT*1
RMR*IV*HQ1 TEST 1500**500.00*500.00*0.00
NTE*OTH*HQ1 TEST 1500
DTM*004*20230101
DTM*003*20230106
SE*18*0041
ST*820*0042
BPR*C*500.00*C*CHK**01*071923226*DA*921259958*******20230106
TRN*1*2000380286
CUR*PE*USD
REF*CK*600160*B1
REF*RU*00000
N1*PR*FRESENIUS KABI, LLC
N3*THREE CORPORATE DRIVE
N4*LAKE ZURICH*IL*60047*US
N1*PE*SHRED-IT BUFFALO*91*99122954
N3*400 RIVERWALK PARKWAY
N4*TONAWANDA*NY*14150*US
ENT*1
RMR*IV*TEST CO.CODE1500**500.00*500.00*0.00
NTE*OTH*TEST SEPARATE CC & ALTERNATE PAYEEON 1500 & DBA
DTM*004*20230101
DTM*003*20230106
SE*18*0042
ST*820*0043
BPR*C*7600.00*C*CHK**01*071923226*DA*921259958*******20230106
TRN*1*2000380287
CUR*PE*USD
REF*CK*600161*A1
REF*RU*00HQ1
N1*PR*FRESENIUS KABI USA, LLC
N3*THREE CORPORATE DRIVE
N4*LAKE ZURICH*IL*60047*US
N1*PE*ARBOUR GROUP LLC*91*99123240
N3*ONE PARKVIEW PLAZA SUITE 660
N4*OAKBROOK TERRACE*IL*60181*US
ENT*1
RMR*IV*110252**7600.00*7600.00*0.00
DTM*004*20220602
DTM*003*20221128
SE*17*0043
ST*820*0044
BPR*C*651.91*C*CHK**01*071923226*DA*921259958*******20230106
TRN*1*2000380288
CUR*PE*USD
REF*CK*600162*A1
REF*RU*00000
N1*PR*FRESENIUS KABI USA, LLC
N3*THREE CORPORATE DRIVE
N4*LAKE ZURICH*IL*60047*US
N1*PE*LLC*91*99126707
N3*ONE COMCAST CENTER 32 FLOOR
N4*PHILADELPHIA*PA*19103*US
ENT*1
RMR*IV*146878734**551.91*551.91*0.00
NTE*OTH*TEST TEXT 1234
DTM*004*20220515
DTM*003*20220603
RMR*IV*TEST NO HQ1**100.00*100.00*0.00
DTM*004*20230101
DTM*003*20230106
SE*21*0044
ST*820*0045
BPR*C*300.00*C*CHK**01*071923226*DA*921259958*******20230106
TRN*1*2000380289
CUR*PE*USD
REF*CK*600163*A1
REF*RU*00HQ1
N1*PR*FRESENIUS KABI USA, LLC
N3*THREE CORPORATE DRIVE
N4*LAKE ZURICH*IL*60047*US
N1*PE*LLC*91*99126707
N3*ONE COMCAST CENTER 32 FLOOR
N4*PHILADELPHIA*PA*19103*US
ENT*1
RMR*IV*TESTHQ1**300.00*300.00*0.00
NTE*OTH*TEST TEXT 5678
DTM*004*20230101
DTM*003*20230106
SE*18*0045
ST*820*0046
BPR*C*651.30*C*CHK**01*071923226*DA*921259958*******20230106
TRN*1*2000380290
CUR*PE*USD
REF*CK*600164*A1
REF*RU*00000
N1*PR*FRESENIUS KABI USA, LLC
N3*THREE CORPORATE DRIVE
N4*LAKE ZURICH*IL*60047*US
N1*PE*PHILLIP'S INTERIOR PLANTS & DISPLAY*91*99147836
N3*529 N. GRANT STREET
N4*WESTMONT*IL*60559*US
ENT*1
RMR*IV*7108188**651.30*651.30*0.00
DTM*004*20220601
DTM*003*20220603
SE*17*0046
ST*820*0047
BPR*C*607.03*C*CHK**01*071923226*DA*921259958*******20230106
TRN*1*2000380291
CUR*PE*USD
REF*CK*600165*B1
REF*RU*00000
N1*PR*FRESENIUS KABI, LLC
N3*THREE CORPORATE DRIVE
N4*LAKE ZURICH*IL*60047*US
N1*PE*CINTAS FIRST AID & SAFETY*91*99147847
N3*PO BOX 631025
N4*CINCINNATI*OH*452631025*US
ENT*1
RMR*IV*5108813780**607.03*607.03*0.00
DTM*004*20220519
DTM*003*20220605
SE*17*0047
ST*820*0048
BPR*C*348.00*C*CHK**01*071923226*DA*921259958*******20230106
TRN*1*2000380292
CUR*PE*USD
REF*CK*600166*B1
REF*RU*00000
N1*PR*FRESENIUS KABI, LLC
N3*THREE CORPORATE DRIVE
N4*LAKE ZURICH*IL*60047*US
N1*PE*PARS*91*99148314
N3*7001 HERITAGE VILLAGE PLAZA STE 280
N4*GAINSVILLE*VA*20155*US
ENT*1
RMR*IV*217259**348.00*348.00*0.00
DTM*004*20220325
DTM*003*20220414
SE*17*0048
ST*820*0049
BPR*C*66415.00*C*CHK**01*071923226*DA*921259958*******20230106
TRN*1*2000380293
CUR*PE*USD
REF*CK*600167*A1
REF*RU*00000
N1*PR*FRESENIUS KABI USA, LLC
N3*THREE CORPORATE DRIVE
N4*LAKE ZURICH*IL*60047*US
N1*PE*TREXIMO LLC*91*99153301
N3*800 HILLGROVE AVENUE
N4*WESTERN SPRINGS*IL*60558*US
ENT*1
RMR*CL*CREDIT TEST**-1000.00**0.00
NTE*OTH*TEST CREDIT
DTM*004*20230101
DTM*003*20230106
RMR*IV*TEST DISCOUNT**1200.00*1200.00*0.00
NTE*OTH*TEST DISCOUNT
DTM*004*20230101
DTM*003*20230106
RMR*IV*TXUS006299**9200.00*9200.00*0.00
DTM*004*20220501
DTM*003*20220524
RMR*IV*TXUS006300**9600.00*9600.00*0.00
DTM*004*20220501
DTM*003*20220524
RMR*IV*TXUS006301**8800.00*8800.00*0.00
DTM*004*20220501
DTM*003*20220524
RMR*IV*TXUS006295**7187.50*7187.50*0.00
DTM*004*20220501
DTM*003*20220524
RMR*IV*TXUS006183**8800.00*8800.00*0.00
DTM*004*20220417
DTM*003*20220525
RMR*IV*TXUS006187**4800.00*4800.00*0.00
DTM*004*20220417
DTM*003*20220525
RMR*IV*TXUS006194**9027.50*9027.50*0.00
DTM*004*20220417
DTM*003*20220525
RMR*IV*TXUS006293**8800.00*8800.00*0.00
DTM*004*20220501
DTM*003*20220531
SE*46*0049
ST*820*0050
BPR*C*15.00*C*CHK**01*071923226*DA*921259958*******20230106
TRN*1*2000380294
CUR*PE*USD
REF*CK*600168*B1
REF*RU*00000
N1*PR*FRESENIUS KABI, LLC
N3*THREE CORPORATE DRIVE
N4*LAKE ZURICH*IL*60047*US
N1*PE*CITY OF FAIRMONT*91*99203264
N3*200 JACKSON STREET
N4*FAIRMONT*WV*26554*US
ENT*1
RMR*IV*BL#005128**15.00*15.00*0.00
NTE*OTH*2022-2023 BUSINESS LICENSE RENEWAL
DTM*004*20220602
DTM*003*20220607
SE*18*0050
ST*820*0051
BPR*C*57890.00*C*CHK**01*071923226*DA*921259958*******20230106
TRN*1*2000380295
CUR*PE*USD
REF*CK*600169*B1
REF*RU*OOHQ1
N1*PR*FRESENIUS KABI, LLC
N3*THREE CORPORATE DRIVE
N4*LAKE ZURICH*IL*60047*US
N1*PE*FRESENIUS KABI AUSTRIA GMBH*91*99990006
N3*HAFNERSTRABE 36
N4*GRAZ*08*8055*AT
ENT*1
RMR*IV*HQ1**57890.00*57890.00*0.00
DTM*004*20221122
DTM*003*20221122
SE*17*0051
ST*820*0052
BPR*C*230.00*C*CHK**01*071923226*DA*921259958*******20230106
TRN*1*2000380296
CUR*PE*USD
REF*CK*600170*A1
REF*RU*00000
N1*PR*FRESENIUS KABI USA, LLC
N3*THREE CORPORATE DRIVE
N4*LAKE ZURICH*IL*60047*US
N1*PE*SHRED-IT BUFFALO*91*99122954
N3*400 RIVERWALK PARKWAY
N4*TONAWANDA*NY*14150*US
ENT*1
RMR*IV*TEST CO.CODE**230.00*230.00*0.00
NTE*OTH*TEST SEPARATE CC
DTM*004*20230101
DTM*003*20230106
SE*18*0052
GE*52*100000032
IEA*1*100000032
