<?xml version="1.0" encoding="UTF-8"?>
<Document xmlns="urn:iso:std:iso:20022:tech:xsd:camt.053.001.02" xmlns:xsi="http://www.w3.org/2001/XMLSchema-instance">
	<BkToCstmrStmt>
		<GrpHdr>
			<MsgId>NDM_289448683259444107.tmp</MsgId>
			<CreDtTm>2021-08-31T13:24:26.0Z</CreDtTm>
			<MsgRcpt>
				<Id>
					<OrgId>
						<Othr>
							<Id>16371113</Id>
						</Othr>
					</OrgId>
				</Id>
			</MsgRcpt>
			<AddtlInf>Report Map = PRIOR DAY BALTRAN CUMULATIVE</AddtlInf>
		</GrpHdr>
		<Stmt>
			<Id>2021-08-31T09:24:26000000352818170</Id>
			<ElctrncSeqNb>0</ElctrncSeqNb>
			<CreDtTm>2021-08-31T13:24:26.0Z</CreDtTm>
			<Acct>
				<Id>
					<Othr>
						<Id>000000352818170</Id>
					</Othr>
				</Id>
				<Ccy>USD</Ccy>
				<Nm>FRESEN KABI USA LLC</Nm>
				<Svcr>
					<FinInstnId>
						<ClrSysMmbId>
							<ClrSysId>
								<Cd>USABA</Cd>
							</ClrSysId>
							<MmbId>071000013</MmbId>
						</ClrSysMmbId>
						<Nm>JPMorgan Chase Bank, N.A. (IL)</Nm>
					</FinInstnId>
				</Svcr>
			</Acct>
			<Bal>
				<Tp>
					<CdOrPrtry>
						<Cd>OPBD</Cd>
					</CdOrPrtry>
				</Tp>
				<Amt Ccy="USD">0.00</Amt>
				<CdtDbtInd>CRDT</CdtDbtInd>
				<Dt>
					<Dt>2021-08-27</Dt>
				</Dt>
			</Bal>
			<Bal>
				<Tp>
					<CdOrPrtry>
						<Cd>CLBD</Cd>
					</CdOrPrtry>
				</Tp>
				<Amt Ccy="USD">0.00</Amt>
				<CdtDbtInd>CRDT</CdtDbtInd>
				<Dt>
					<Dt>2021-08-27</Dt>
				</Dt>
			</Bal>
			<Bal>
				<Tp>
					<CdOrPrtry>
						<Cd>OPAV</Cd>
					</CdOrPrtry>
				</Tp>
				<Amt Ccy="USD">0.00</Amt>
				<CdtDbtInd>CRDT</CdtDbtInd>
				<Dt>
					<Dt>2021-08-27</Dt>
				</Dt>
			</Bal>
			<Bal>
				<Tp>
					<CdOrPrtry>
						<Cd>FWAV</Cd>
					</CdOrPrtry>
				</Tp>
				<Amt Ccy="USD">0.00</Amt>
				<CdtDbtInd>CRDT</CdtDbtInd>
				<Dt>
					<Dt>2021-08-30</Dt>
				</Dt>
			</Bal>
			<Bal>
				<Tp>
					<CdOrPrtry>
						<Cd>CLAV</Cd>
					</CdOrPrtry>
				</Tp>
				<Amt Ccy="USD">0.00</Amt>
				<CdtDbtInd>CRDT</CdtDbtInd>
				<Dt>
					<Dt>2021-08-27</Dt>
				</Dt>
			</Bal>
			<TxsSummry>
				<TtlNtries>
					<NbOfNtries>0</NbOfNtries>
					<Sum>0.00</Sum>
					<TtlNetNtryAmt>0.00</TtlNetNtryAmt>
					<CdtDbtInd>CRDT</CdtDbtInd>
				</TtlNtries>
				<TtlCdtNtries>
					<NbOfNtries>0</NbOfNtries>
					<Sum>0.00</Sum>
				</TtlCdtNtries>
				<TtlDbtNtries>
					<NbOfNtries>0</NbOfNtries>
					<Sum>0.00</Sum>
				</TtlDbtNtries>
			</TxsSummry>
			<Ntry>
				<NtryRef>325357221208</NtryRef>
				<Amt Ccy="USD">53777.35</Amt>
				<CdtDbtInd>CRDT</CdtDbtInd>
				<Sts>BOOK</Sts>
				<BookgDt>
					<Dt>2021-08-27</Dt>
				</BookgDt>
				<ValDt>
					<Dt>2021-08-27</Dt>
				</ValDt>
				<AcctSvcrRef>4670556060</AcctSvcrRef>
				<Avlbty>
					<Dt>
						<NbOfDays>2</NbOfDays>
					</Dt>
					<Amt Ccy="USD">53777.35</Amt>
					<CdtDbtInd>CRDT</CdtDbtInd>
				</Avlbty>
				<BkTxCd>
					<Domn>
						<Cd>PMNT</Cd>
						<Fmly>
							<Cd>RCHQ</Cd>
							<SubFmlyCd>CHKD</SubFmlyCd>
						</Fmly>
					</Domn>
					<Prtry>
						<Cd>175</Cd>
						<Issr>BAI</Issr>
					</Prtry>
				</BkTxCd>
				<AmtDtls>
					<TxAmt>
						<Amt Ccy="USD">53777.35</Amt>
					</TxAmt>
				</AmtDtls>
				<NtryDtls>
					<TxDtls>
						<Refs>
							<AcctSvcrRef>4670556060</AcctSvcrRef>
							<EndToEndId>NONREF</EndToEndId>
						</Refs>
						<AmtDtls>
							<TxAmt>
								<Amt Ccy="USD">53777.35</Amt>
							</TxAmt>
						</AmtDtls>
						<Avlbty>
							<Dt>
								<NbOfDays>2</NbOfDays>
							</Dt>
							<Amt Ccy="USD">53777.35</Amt>
							<CdtDbtInd>CRDT</CdtDbtInd>
						</Avlbty>
						<RmtInf>
							<Ustrd>REMARK=DEPOSIT</Ustrd>
						</RmtInf>
					</TxDtls>
				</NtryDtls>
			</Ntry>
			<Ntry>
				<NtryRef>325357221214</NtryRef>
				<Amt Ccy="USD">889103.48</Amt>
				<CdtDbtInd>CRDT</CdtDbtInd>
				<Sts>BOOK</Sts>
				<BookgDt>
					<Dt>2021-08-27</Dt>
				</BookgDt>
				<ValDt>
					<Dt>2021-08-27</Dt>
				</ValDt>
				<AcctSvcrRef>0076680300XF</AcctSvcrRef>
				<Avlbty>
					<Dt>
						<NbOfDays>0</NbOfDays>
					</Dt>
					<Amt Ccy="USD">1054035.83</Amt>
					<CdtDbtInd>CRDT</CdtDbtInd>
				</Avlbty>
				<Avlbty>
					<Dt>
						<NbOfDays>1</NbOfDays>
					</Dt>
					<Amt Ccy="USD">96744.00</Amt>
					<CdtDbtInd>DBIT</CdtDbtInd>
				</Avlbty>
				<Avlbty>
					<Dt>
						<NbOfDays>2</NbOfDays>
					</Dt>
					<Amt Ccy="USD">68188.35</Amt>
					<CdtDbtInd>DBIT</CdtDbtInd>
				</Avlbty>
				<BkTxCd>
					<Domn>
						<Cd>CAMT</Cd>
						<Fmly>
							<Cd>ACCB</Cd>
							<SubFmlyCd>ZABA</SubFmlyCd>
						</Fmly>
					</Domn>
					<Prtry>
						<Cd>275</Cd>
						<Issr>BAI</Issr>
					</Prtry>
				</BkTxCd>
				<AmtDtls>
					<TxAmt>
						<Amt Ccy="USD">889103.48</Amt>
					</TxAmt>
				</AmtDtls>
				<NtryDtls>
					<TxDtls>
						<Refs>
							<AcctSvcrRef>0076680300XF</AcctSvcrRef>
							<EndToEndId>912292633</EndToEndId>
						</Refs>
						<AmtDtls>
							<TxAmt>
								<Amt Ccy="USD">889103.48</Amt>
							</TxAmt>
						</AmtDtls>
						<Avlbty>
							<Dt>
								<NbOfDays>0</NbOfDays>
							</Dt>
							<Amt Ccy="USD">1054035.83</Amt>
							<CdtDbtInd>CRDT</CdtDbtInd>
						</Avlbty>
						<Avlbty>
							<Dt>
								<NbOfDays>1</NbOfDays>
							</Dt>
							<Amt Ccy="USD">96744.00</Amt>
							<CdtDbtInd>DBIT</CdtDbtInd>
						</Avlbty>
						<Avlbty>
							<Dt>
								<NbOfDays>2</NbOfDays>
							</Dt>
							<Amt Ccy="USD">68188.35</Amt>
							<CdtDbtInd>DBIT</CdtDbtInd>
						</Avlbty>
						<RmtInf>
							<Ustrd>REMARK=CASH CONCENTRATION TRANSFER CREDIT FROM ACCOUNT 000000912292633 TRN: 0076680300XF</Ustrd>
						</RmtInf>
					</TxDtls>
				</NtryDtls>
			</Ntry>
			<Ntry>
				<NtryRef>325357221213</NtryRef>
				<Amt Ccy="USD">263979.42</Amt>
				<CdtDbtInd>CRDT</CdtDbtInd>
				<Sts>BOOK</Sts>
				<BookgDt>
					<Dt>2021-08-27</Dt>
				</BookgDt>
				<ValDt>
					<Dt>2021-08-27</Dt>
				</ValDt>
				<AcctSvcrRef>0075660300XF</AcctSvcrRef>
				<Avlbty>
					<Dt>
						<NbOfDays>0</NbOfDays>
					</Dt>
					<Amt Ccy="USD">152824.42</Amt>
					<CdtDbtInd>CRDT</CdtDbtInd>
				</Avlbty>
				<Avlbty>
					<Dt>
						<NbOfDays>1</NbOfDays>
					</Dt>
					<Amt Ccy="USD">96744.00</Amt>
					<CdtDbtInd>CRDT</CdtDbtInd>
				</Avlbty>
				<Avlbty>
					<Dt>
						<NbOfDays>2</NbOfDays>
					</Dt>
					<Amt Ccy="USD">14411.00</Amt>
					<CdtDbtInd>CRDT</CdtDbtInd>
				</Avlbty>
				<BkTxCd>
					<Domn>
						<Cd>CAMT</Cd>
						<Fmly>
							<Cd>ACCB</Cd>
							<SubFmlyCd>ZABA</SubFmlyCd>
						</Fmly>
					</Domn>
					<Prtry>
						<Cd>275</Cd>
						<Issr>BAI</Issr>
					</Prtry>
				</BkTxCd>
				<AmtDtls>
					<TxAmt>
						<Amt Ccy="USD">263979.42</Amt>
					</TxAmt>
				</AmtDtls>
				<NtryDtls>
					<TxDtls>
						<Refs>
							<AcctSvcrRef>0075660300XF</AcctSvcrRef>
							<EndToEndId>921260014</EndToEndId>
						</Refs>
						<AmtDtls>
							<TxAmt>
								<Amt Ccy="USD">263979.42</Amt>
							</TxAmt>
						</AmtDtls>
						<Avlbty>
							<Dt>
								<NbOfDays>0</NbOfDays>
							</Dt>
							<Amt Ccy="USD">152824.42</Amt>
							<CdtDbtInd>CRDT</CdtDbtInd>
						</Avlbty>
						<Avlbty>
							<Dt>
								<NbOfDays>1</NbOfDays>
							</Dt>
							<Amt Ccy="USD">96744.00</Amt>
							<CdtDbtInd>CRDT</CdtDbtInd>
						</Avlbty>
						<Avlbty>
							<Dt>
								<NbOfDays>2</NbOfDays>
							</Dt>
							<Amt Ccy="USD">14411.00</Amt>
							<CdtDbtInd>CRDT</CdtDbtInd>
						</Avlbty>
						<RmtInf>
							<Ustrd>REMARK=CASH CONCENTRATION TRANSFER CREDIT FROM ACCOUNT 000000921260014 TRN: 0075660300XF</Ustrd>
						</RmtInf>
					</TxDtls>
				</NtryDtls>
			</Ntry>
			<Ntry>
				<NtryRef>325357221212</NtryRef>
				<Amt Ccy="USD">53964.02</Amt>
				<CdtDbtInd>CRDT</CdtDbtInd>
				<Sts>BOOK</Sts>
				<BookgDt>
					<Dt>2021-08-27</Dt>
				</BookgDt>
				<ValDt>
					<Dt>2021-08-27</Dt>
				</ValDt>
				<AcctSvcrRef>0074780300XF</AcctSvcrRef>
				<Avlbty>
					<Dt>
						<NbOfDays>0</NbOfDays>
					</Dt>
					<Amt Ccy="USD">53964.02</Amt>
					<CdtDbtInd>CRDT</CdtDbtInd>
				</Avlbty>
				<BkTxCd>
					<Domn>
						<Cd>CAMT</Cd>
						<Fmly>
							<Cd>ACCB</Cd>
							<SubFmlyCd>ZABA</SubFmlyCd>
						</Fmly>
					</Domn>
					<Prtry>
						<Cd>275</Cd>
						<Issr>BAI</Issr>
					</Prtry>
				</BkTxCd>
				<AmtDtls>
					<TxAmt>
						<Amt Ccy="USD">53964.02</Amt>
					</TxAmt>
				</AmtDtls>
				<NtryDtls>
					<TxDtls>
						<Refs>
							<AcctSvcrRef>0074780300XF</AcctSvcrRef>
							<EndToEndId>826205531</EndToEndId>
						</Refs>
						<AmtDtls>
							<TxAmt>
								<Amt Ccy="USD">53964.02</Amt>
							</TxAmt>
						</AmtDtls>
						<Avlbty>
							<Dt>
								<NbOfDays>0</NbOfDays>
							</Dt>
							<Amt Ccy="USD">53964.02</Amt>
							<CdtDbtInd>CRDT</CdtDbtInd>
						</Avlbty>
						<RmtInf>
							<Ustrd>REMARK=CASH CONCENTRATION TRANSFER CREDIT FROM ACCOUNT 000000826205531 TRN: 0074780300XF</Ustrd>
						</RmtInf>
					</TxDtls>
				</NtryDtls>
			</Ntry>
			<Ntry>
				<NtryRef>325357221211</NtryRef>
				<Amt Ccy="USD">950000.65</Amt>
				<CdtDbtInd>DBIT</CdtDbtInd>
				<Sts>BOOK</Sts>
				<BookgDt>
					<Dt>2021-08-27</Dt>
				</BookgDt>
				<ValDt>
					<Dt>2021-08-27</Dt>
				</ValDt>
				<AcctSvcrRef>0075370300XF</AcctSvcrRef>
				<Avlbty>
					<Dt>
						<NbOfDays>0</NbOfDays>
					</Dt>
					<Amt Ccy="USD">950000.65</Amt>
					<CdtDbtInd>DBIT</CdtDbtInd>
				</Avlbty>
				<BkTxCd>
					<Domn>
						<Cd>CAMT</Cd>
						<Fmly>
							<Cd>ACCB</Cd>
							<SubFmlyCd>ZABA</SubFmlyCd>
						</Fmly>
					</Domn>
					<Prtry>
						<Cd>575</Cd>
						<Issr>BAI</Issr>
					</Prtry>
				</BkTxCd>
				<AmtDtls>
					<TxAmt>
						<Amt Ccy="USD">950000.65</Amt>
					</TxAmt>
				</AmtDtls>
				<NtryDtls>
					<TxDtls>
						<Refs>
							<AcctSvcrRef>0075370300XF</AcctSvcrRef>
							<EndToEndId>921259974</EndToEndId>
						</Refs>
						<AmtDtls>
							<TxAmt>
								<Amt Ccy="USD">950000.65</Amt>
							</TxAmt>
						</AmtDtls>
						<Avlbty>
							<Dt>
								<NbOfDays>0</NbOfDays>
							</Dt>
							<Amt Ccy="USD">950000.65</Amt>
							<CdtDbtInd>DBIT</CdtDbtInd>
						</Avlbty>
						<RmtInf>
							<Ustrd>REMARK=CASH CONCENTRATION TRANSFER DEBIT TO ACCOUNT 000000921259974 TRN: 0075370300XF</Ustrd>
						</RmtInf>
					</TxDtls>
				</NtryDtls>
			</Ntry>
			<Ntry>
				<NtryRef>325357221210</NtryRef>
				<Amt Ccy="USD">245734.33</Amt>
				<CdtDbtInd>DBIT</CdtDbtInd>
				<Sts>BOOK</Sts>
				<BookgDt>
					<Dt>2021-08-27</Dt>
				</BookgDt>
				<ValDt>
					<Dt>2021-08-27</Dt>
				</ValDt>
				<AcctSvcrRef>0075510300XF</AcctSvcrRef>
				<Avlbty>
					<Dt>
						<NbOfDays>0</NbOfDays>
					</Dt>
					<Amt Ccy="USD">245734.33</Amt>
					<CdtDbtInd>DBIT</CdtDbtInd>
				</Avlbty>
				<BkTxCd>
					<Domn>
						<Cd>CAMT</Cd>
						<Fmly>
							<Cd>ACCB</Cd>
							<SubFmlyCd>ZABA</SubFmlyCd>
						</Fmly>
					</Domn>
					<Prtry>
						<Cd>575</Cd>
						<Issr>BAI</Issr>
					</Prtry>
				</BkTxCd>
				<AmtDtls>
					<TxAmt>
						<Amt Ccy="USD">245734.33</Amt>
					</TxAmt>
				</AmtDtls>
				<NtryDtls>
					<TxDtls>
						<Refs>
							<AcctSvcrRef>0075510300XF</AcctSvcrRef>
							<EndToEndId>921259990</EndToEndId>
						</Refs>
						<AmtDtls>
							<TxAmt>
								<Amt Ccy="USD">245734.33</Amt>
							</TxAmt>
						</AmtDtls>
						<Avlbty>
							<Dt>
								<NbOfDays>0</NbOfDays>
							</Dt>
							<Amt Ccy="USD">245734.33</Amt>
							<CdtDbtInd>DBIT</CdtDbtInd>
						</Avlbty>
						<RmtInf>
							<Ustrd>REMARK=CASH CONCENTRATION TRANSFER DEBIT TO ACCOUNT 000000921259990 TRN: 0075510300XF</Ustrd>
						</RmtInf>
					</TxDtls>
				</NtryDtls>
			</Ntry>
			<Ntry>
				<NtryRef>325357221209</NtryRef>
				<Amt Ccy="USD">65089.29</Amt>
				<CdtDbtInd>DBIT</CdtDbtInd>
				<Sts>BOOK</Sts>
				<BookgDt>
					<Dt>2021-08-27</Dt>
				</BookgDt>
				<ValDt>
					<Dt>2021-08-27</Dt>
				</ValDt>
				<AcctSvcrRef>0075050300XF</AcctSvcrRef>
				<Avlbty>
					<Dt>
						<NbOfDays>0</NbOfDays>
					</Dt>
					<Amt Ccy="USD">65089.29</Amt>
					<CdtDbtInd>DBIT</CdtDbtInd>
				</Avlbty>
				<BkTxCd>
					<Domn>
						<Cd>CAMT</Cd>
						<Fmly>
							<Cd>ACCB</Cd>
							<SubFmlyCd>ZABA</SubFmlyCd>
						</Fmly>
					</Domn>
					<Prtry>
						<Cd>575</Cd>
						<Issr>BAI</Issr>
					</Prtry>
				</BkTxCd>
				<AmtDtls>
					<TxAmt>
						<Amt Ccy="USD">65089.29</Amt>
					</TxAmt>
				</AmtDtls>
				<NtryDtls>
					<TxDtls>
						<Refs>
							<AcctSvcrRef>0075050300XF</AcctSvcrRef>
							<EndToEndId>921259958</EndToEndId>
						</Refs>
						<AmtDtls>
							<TxAmt>
								<Amt Ccy="USD">65089.29</Amt>
							</TxAmt>
						</AmtDtls>
						<Avlbty>
							<Dt>
								<NbOfDays>0</NbOfDays>
							</Dt>
							<Amt Ccy="USD">65089.29</Amt>
							<CdtDbtInd>DBIT</CdtDbtInd>
						</Avlbty>
						<RmtInf>
							<Ustrd>REMARK=CASH CONCENTRATION TRANSFER DEBIT TO ACCOUNT 000000921259958 TRN: 0075050300XF</Ustrd>
						</RmtInf>
					</TxDtls>
				</NtryDtls>
			</Ntry>
		</Stmt>
		<Stmt>
			<Id>2021-08-31T09:24:26000000826205531</Id>
			<ElctrncSeqNb>0</ElctrncSeqNb>
			<CreDtTm>2021-08-31T13:24:26.0Z</CreDtTm>
			<Acct>
				<Id>
					<Othr>
						<Id>000000826205531</Id>
					</Othr>
				</Id>
				<Ccy>USD</Ccy>
				<Nm>Fresen Kabi Comp LLC</Nm>
				<Svcr>
					<FinInstnId>
						<ClrSysMmbId>
							<ClrSysId>
								<Cd>USABA</Cd>
							</ClrSysId>
							<MmbId>071000013</MmbId>
						</ClrSysMmbId>
						<Nm>JPMorgan Chase Bank, N.A. (IL)</Nm>
					</FinInstnId>
				</Svcr>
			</Acct>
			<Bal>
				<Tp>
					<CdOrPrtry>
						<Cd>OPBD</Cd>
					</CdOrPrtry>
				</Tp>
				<Amt Ccy="USD">0.00</Amt>
				<CdtDbtInd>CRDT</CdtDbtInd>
				<Dt>
					<Dt>2021-08-27</Dt>
				</Dt>
			</Bal>
			<Bal>
				<Tp>
					<CdOrPrtry>
						<Cd>CLBD</Cd>
					</CdOrPrtry>
				</Tp>
				<Amt Ccy="USD">0.00</Amt>
				<CdtDbtInd>CRDT</CdtDbtInd>
				<Dt>
					<Dt>2021-08-27</Dt>
				</Dt>
			</Bal>
			<Bal>
				<Tp>
					<CdOrPrtry>
						<Cd>OPAV</Cd>
					</CdOrPrtry>
				</Tp>
				<Amt Ccy="USD">0.00</Amt>
				<CdtDbtInd>CRDT</CdtDbtInd>
				<Dt>
					<Dt>2021-08-27</Dt>
				</Dt>
			</Bal>
			<Bal>
				<Tp>
					<CdOrPrtry>
						<Cd>FWAV</Cd>
					</CdOrPrtry>
				</Tp>
				<Amt Ccy="USD">0.00</Amt>
				<CdtDbtInd>CRDT</CdtDbtInd>
				<Dt>
					<Dt>2021-08-30</Dt>
				</Dt>
			</Bal>
			<Bal>
				<Tp>
					<CdOrPrtry>
						<Cd>CLAV</Cd>
					</CdOrPrtry>
				</Tp>
				<Amt Ccy="USD">0.00</Amt>
				<CdtDbtInd>CRDT</CdtDbtInd>
				<Dt>
					<Dt>2021-08-27</Dt>
				</Dt>
			</Bal>
			<TxsSummry>
				<TtlNtries>
					<NbOfNtries>0</NbOfNtries>
					<Sum>0.00</Sum>
					<TtlNetNtryAmt>0.00</TtlNetNtryAmt>
					<CdtDbtInd>CRDT</CdtDbtInd>
				</TtlNtries>
				<TtlCdtNtries>
					<NbOfNtries>0</NbOfNtries>
					<Sum>0.00</Sum>
				</TtlCdtNtries>
				<TtlDbtNtries>
					<NbOfNtries>0</NbOfNtries>
					<Sum>0.00</Sum>
				</TtlDbtNtries>
			</TxsSummry>
			<Ntry>
				<NtryRef>325356950541</NtryRef>
				<Amt Ccy="USD">53964.02</Amt>
				<CdtDbtInd>CRDT</CdtDbtInd>
				<Sts>BOOK</Sts>
				<BookgDt>
					<Dt>2021-08-27</Dt>
				</BookgDt>
				<ValDt>
					<Dt>2021-08-27</Dt>
				</ValDt>
				<AcctSvcrRef>0067600300XF</AcctSvcrRef>
				<Avlbty>
					<Dt>
						<NbOfDays>0</NbOfDays>
					</Dt>
					<Amt Ccy="USD">53964.02</Amt>
					<CdtDbtInd>CRDT</CdtDbtInd>
				</Avlbty>
				<BkTxCd>
					<Domn>
						<Cd>CAMT</Cd>
						<Fmly>
							<Cd>ACCB</Cd>
							<SubFmlyCd>ZABA</SubFmlyCd>
						</Fmly>
					</Domn>
					<Prtry>
						<Cd>275</Cd>
						<Issr>BAI</Issr>
					</Prtry>
				</BkTxCd>
				<AmtDtls>
					<TxAmt>
						<Amt Ccy="USD">53964.02</Amt>
					</TxAmt>
				</AmtDtls>
				<NtryDtls>
					<TxDtls>
						<Refs>
							<AcctSvcrRef>0067600300XF</AcctSvcrRef>
							<EndToEndId>826205564</EndToEndId>
						</Refs>
						<AmtDtls>
							<TxAmt>
								<Amt Ccy="USD">53964.02</Amt>
							</TxAmt>
						</AmtDtls>
						<Avlbty>
							<Dt>
								<NbOfDays>0</NbOfDays>
							</Dt>
							<Amt Ccy="USD">53964.02</Amt>
							<CdtDbtInd>CRDT</CdtDbtInd>
						</Avlbty>
						<RmtInf>
							<Ustrd>REMARK=CASH CONCENTRATION TRANSFER CREDIT FROM ACCOUNT 000000826205564 TRN: 0067600300XF</Ustrd>
						</RmtInf>
					</TxDtls>
				</NtryDtls>
			</Ntry>
			<Ntry>
				<NtryRef>325356950540</NtryRef>
				<Amt Ccy="USD">53964.02</Amt>
				<CdtDbtInd>DBIT</CdtDbtInd>
				<Sts>BOOK</Sts>
				<BookgDt>
					<Dt>2021-08-27</Dt>
				</BookgDt>
				<ValDt>
					<Dt>2021-08-27</Dt>
				</ValDt>
				<AcctSvcrRef>0074770300XF</AcctSvcrRef>
				<Avlbty>
					<Dt>
						<NbOfDays>0</NbOfDays>
					</Dt>
					<Amt Ccy="USD">53964.02</Amt>
					<CdtDbtInd>DBIT</CdtDbtInd>
				</Avlbty>
				<BkTxCd>
					<Domn>
						<Cd>CAMT</Cd>
						<Fmly>
							<Cd>ACCB</Cd>
							<SubFmlyCd>ZABA</SubFmlyCd>
						</Fmly>
					</Domn>
					<Prtry>
						<Cd>575</Cd>
						<Issr>BAI</Issr>
					</Prtry>
				</BkTxCd>
				<AmtDtls>
					<TxAmt>
						<Amt Ccy="USD">53964.02</Amt>
					</TxAmt>
				</AmtDtls>
				<NtryDtls>
					<TxDtls>
						<Refs>
							<AcctSvcrRef>0074770300XF</AcctSvcrRef>
							<EndToEndId>352818170</EndToEndId>
						</Refs>
						<AmtDtls>
							<TxAmt>
								<Amt Ccy="USD">53964.02</Amt>
							</TxAmt>
						</AmtDtls>
						<Avlbty>
							<Dt>
								<NbOfDays>0</NbOfDays>
							</Dt>
							<Amt Ccy="USD">53964.02</Amt>
							<CdtDbtInd>DBIT</CdtDbtInd>
						</Avlbty>
						<RmtInf>
							<Ustrd>REMARK=CASH CONCENTRATION TRANSFER DEBIT TO ACCOUNT 000000352818170 TRN: 0074770300XF</Ustrd>
						</RmtInf>
					</TxDtls>
				</NtryDtls>
			</Ntry>
		</Stmt>
		<Stmt>
			<Id>2021-08-31T09:24:26000000826205549</Id>
			<ElctrncSeqNb>0</ElctrncSeqNb>
			<CreDtTm>2021-08-31T13:24:26.0Z</CreDtTm>
			<Acct>
				<Id>
					<Othr>
						<Id>000000826205549</Id>
					</Othr>
				</Id>
				<Ccy>USD</Ccy>
				<Nm>Fresen Kabi Comp LLC</Nm>
				<Svcr>
					<FinInstnId>
						<ClrSysMmbId>
							<ClrSysId>
								<Cd>USABA</Cd>
							</ClrSysId>
							<MmbId>071000013</MmbId>
						</ClrSysMmbId>
						<Nm>JPMorgan Chase Bank, N.A. (IL)</Nm>
					</FinInstnId>
				</Svcr>
			</Acct>
			<Bal>
				<Tp>
					<CdOrPrtry>
						<Cd>OPBD</Cd>
					</CdOrPrtry>
				</Tp>
				<Amt Ccy="USD">0.00</Amt>
				<CdtDbtInd>CRDT</CdtDbtInd>
				<Dt>
					<Dt>2021-08-27</Dt>
				</Dt>
			</Bal>
			<Bal>
				<Tp>
					<CdOrPrtry>
						<Cd>CLBD</Cd>
					</CdOrPrtry>
				</Tp>
				<Amt Ccy="USD">0.00</Amt>
				<CdtDbtInd>CRDT</CdtDbtInd>
				<Dt>
					<Dt>2021-08-27</Dt>
				</Dt>
			</Bal>
			<Bal>
				<Tp>
					<CdOrPrtry>
						<Cd>OPAV</Cd>
					</CdOrPrtry>
				</Tp>
				<Amt Ccy="USD">0.00</Amt>
				<CdtDbtInd>CRDT</CdtDbtInd>
				<Dt>
					<Dt>2021-08-27</Dt>
				</Dt>
			</Bal>
			<Bal>
				<Tp>
					<CdOrPrtry>
						<Cd>FWAV</Cd>
					</CdOrPrtry>
				</Tp>
				<Amt Ccy="USD">0.00</Amt>
				<CdtDbtInd>CRDT</CdtDbtInd>
				<Dt>
					<Dt>2021-08-30</Dt>
				</Dt>
			</Bal>
			<Bal>
				<Tp>
					<CdOrPrtry>
						<Cd>CLAV</Cd>
					</CdOrPrtry>
				</Tp>
				<Amt Ccy="USD">0.00</Amt>
				<CdtDbtInd>CRDT</CdtDbtInd>
				<Dt>
					<Dt>2021-08-27</Dt>
				</Dt>
			</Bal>
			<TxsSummry>
				<TtlNtries>
					<NbOfNtries>0</NbOfNtries>
					<Sum>0.00</Sum>
					<TtlNetNtryAmt>0.00</TtlNetNtryAmt>
					<CdtDbtInd>CRDT</CdtDbtInd>
				</TtlNtries>
				<TtlCdtNtries>
					<NbOfNtries>0</NbOfNtries>
					<Sum>0.00</Sum>
				</TtlCdtNtries>
				<TtlDbtNtries>
					<NbOfNtries>0</NbOfNtries>
					<Sum>0.00</Sum>
				</TtlDbtNtries>
			</TxsSummry>
		</Stmt>
		<Stmt>
			<Id>2021-08-31T09:24:26000000826205556</Id>
			<ElctrncSeqNb>0</ElctrncSeqNb>
			<CreDtTm>2021-08-31T13:24:26.0Z</CreDtTm>
			<Acct>
				<Id>
					<Othr>
						<Id>000000826205556</Id>
					</Othr>
				</Id>
				<Ccy>USD</Ccy>
				<Nm>Fresen Kabi Comp LLC</Nm>
				<Svcr>
					<FinInstnId>
						<ClrSysMmbId>
							<ClrSysId>
								<Cd>USABA</Cd>
							</ClrSysId>
							<MmbId>071000013</MmbId>
						</ClrSysMmbId>
						<Nm>JPMorgan Chase Bank, N.A. (IL)</Nm>
					</FinInstnId>
				</Svcr>
			</Acct>
			<Bal>
				<Tp>
					<CdOrPrtry>
						<Cd>OPBD</Cd>
					</CdOrPrtry>
				</Tp>
				<Amt Ccy="USD">0.00</Amt>
				<CdtDbtInd>CRDT</CdtDbtInd>
				<Dt>
					<Dt>2021-08-27</Dt>
				</Dt>
			</Bal>
			<Bal>
				<Tp>
					<CdOrPrtry>
						<Cd>CLBD</Cd>
					</CdOrPrtry>
				</Tp>
				<Amt Ccy="USD">0.00</Amt>
				<CdtDbtInd>CRDT</CdtDbtInd>
				<Dt>
					<Dt>2021-08-27</Dt>
				</Dt>
			</Bal>
			<Bal>
				<Tp>
					<CdOrPrtry>
						<Cd>OPAV</Cd>
					</CdOrPrtry>
				</Tp>
				<Amt Ccy="USD">0.00</Amt>
				<CdtDbtInd>CRDT</CdtDbtInd>
				<Dt>
					<Dt>2021-08-27</Dt>
				</Dt>
			</Bal>
			<Bal>
				<Tp>
					<CdOrPrtry>
						<Cd>FWAV</Cd>
					</CdOrPrtry>
				</Tp>
				<Amt Ccy="USD">0.00</Amt>
				<CdtDbtInd>CRDT</CdtDbtInd>
				<Dt>
					<Dt>2021-08-30</Dt>
				</Dt>
			</Bal>
			<Bal>
				<Tp>
					<CdOrPrtry>
						<Cd>CLAV</Cd>
					</CdOrPrtry>
				</Tp>
				<Amt Ccy="USD">0.00</Amt>
				<CdtDbtInd>CRDT</CdtDbtInd>
				<Dt>
					<Dt>2021-08-27</Dt>
				</Dt>
			</Bal>
			<TxsSummry>
				<TtlNtries>
					<NbOfNtries>0</NbOfNtries>
					<Sum>0.00</Sum>
					<TtlNetNtryAmt>0.00</TtlNetNtryAmt>
					<CdtDbtInd>CRDT</CdtDbtInd>
				</TtlNtries>
				<TtlCdtNtries>
					<NbOfNtries>0</NbOfNtries>
					<Sum>0.00</Sum>
				</TtlCdtNtries>
				<TtlDbtNtries>
					<NbOfNtries>0</NbOfNtries>
					<Sum>0.00</Sum>
				</TtlDbtNtries>
			</TxsSummry>
		</Stmt>
		<Stmt>
			<Id>2021-08-31T09:24:26000000826205564</Id>
			<ElctrncSeqNb>0</ElctrncSeqNb>
			<CreDtTm>2021-08-31T13:24:26.0Z</CreDtTm>
			<Acct>
				<Id>
					<Othr>
						<Id>000000826205564</Id>
					</Othr>
				</Id>
				<Ccy>USD</Ccy>
				<Nm>Fresen Kabi Comp LLC</Nm>
				<Svcr>
					<FinInstnId>
						<ClrSysMmbId>
							<ClrSysId>
								<Cd>USABA</Cd>
							</ClrSysId>
							<MmbId>071000013</MmbId>
						</ClrSysMmbId>
						<Nm>JPMorgan Chase Bank, N.A. (IL)</Nm>
					</FinInstnId>
				</Svcr>
			</Acct>
			<Bal>
				<Tp>
					<CdOrPrtry>
						<Cd>OPBD</Cd>
					</CdOrPrtry>
				</Tp>
				<Amt Ccy="USD">0.00</Amt>
				<CdtDbtInd>CRDT</CdtDbtInd>
				<Dt>
					<Dt>2021-08-27</Dt>
				</Dt>
			</Bal>
			<Bal>
				<Tp>
					<CdOrPrtry>
						<Cd>CLBD</Cd>
					</CdOrPrtry>
				</Tp>
				<Amt Ccy="USD">0.00</Amt>
				<CdtDbtInd>CRDT</CdtDbtInd>
				<Dt>
					<Dt>2021-08-27</Dt>
				</Dt>
			</Bal>
			<Bal>
				<Tp>
					<CdOrPrtry>
						<Cd>OPAV</Cd>
					</CdOrPrtry>
				</Tp>
				<Amt Ccy="USD">0.00</Amt>
				<CdtDbtInd>CRDT</CdtDbtInd>
				<Dt>
					<Dt>2021-08-27</Dt>
				</Dt>
			</Bal>
			<Bal>
				<Tp>
					<CdOrPrtry>
						<Cd>FWAV</Cd>
					</CdOrPrtry>
				</Tp>
				<Amt Ccy="USD">0.00</Amt>
				<CdtDbtInd>CRDT</CdtDbtInd>
				<Dt>
					<Dt>2021-08-30</Dt>
				</Dt>
			</Bal>
			<Bal>
				<Tp>
					<CdOrPrtry>
						<Cd>CLAV</Cd>
					</CdOrPrtry>
				</Tp>
				<Amt Ccy="USD">0.00</Amt>
				<CdtDbtInd>CRDT</CdtDbtInd>
				<Dt>
					<Dt>2021-08-27</Dt>
				</Dt>
			</Bal>
			<TxsSummry>
				<TtlNtries>
					<NbOfNtries>0</NbOfNtries>
					<Sum>0.00</Sum>
					<TtlNetNtryAmt>0.00</TtlNetNtryAmt>
					<CdtDbtInd>CRDT</CdtDbtInd>
				</TtlNtries>
				<TtlCdtNtries>
					<NbOfNtries>0</NbOfNtries>
					<Sum>0.00</Sum>
				</TtlCdtNtries>
				<TtlDbtNtries>
					<NbOfNtries>0</NbOfNtries>
					<Sum>0.00</Sum>
				</TtlDbtNtries>
			</TxsSummry>
			<Ntry>
				<NtryRef>325357264637</NtryRef>
				<Amt Ccy="USD">53964.02</Amt>
				<CdtDbtInd>CRDT</CdtDbtInd>
				<Sts>BOOK</Sts>
				<BookgDt>
					<Dt>2021-08-27</Dt>
				</BookgDt>
				<ValDt>
					<Dt>2021-08-27</Dt>
				</ValDt>
				<AcctSvcrRef>2382116030TC</AcctSvcrRef>
				<Avlbty>
					<Dt>
						<NbOfDays>0</NbOfDays>
					</Dt>
					<Amt Ccy="USD">53964.02</Amt>
					<CdtDbtInd>CRDT</CdtDbtInd>
				</Avlbty>
				<BkTxCd>
					<Domn>
						<Cd>PMNT</Cd>
						<Fmly>
							<Cd>RCDT</Cd>
							<SubFmlyCd>ACDT</SubFmlyCd>
						</Fmly>
					</Domn>
					<Prtry>
						<Cd>165</Cd>
						<Issr>BAI</Issr>
					</Prtry>
				</BkTxCd>
				<AmtDtls>
					<TxAmt>
						<Amt Ccy="USD">53964.02</Amt>
					</TxAmt>
				</AmtDtls>
				<NtryDtls>
					<TxDtls>
						<Refs>
							<AcctSvcrRef>2382116030TC</AcctSvcrRef>
							<EndToEndId>0000485733</EndToEndId>
							<TxId>051000012116030</TxId>
							<Prtry>
								<Tp>ENTRY CLASS</Tp>
								<Ref>CCD</Ref>
							</Prtry>
						</Refs>
						<AmtDtls>
							<TxAmt>
								<Amt Ccy="USD">53964.02</Amt>
							</TxAmt>
						</AmtDtls>
						<Avlbty>
							<Dt>
								<NbOfDays>0</NbOfDays>
							</Dt>
							<Amt Ccy="USD">53964.02</Amt>
							<CdtDbtInd>CRDT</CdtDbtInd>
						</Avlbty>
						<RltdPties>
							<Dbtr>
								<Nm>Partners PMD</Nm>
								<Id>
									<OrgId>
										<Othr>
											<Id>7010532275</Id>
										</Othr>
									</OrgId>
								</Id>
							</Dbtr>
							<Cdtr>
								<Nm>FresniusKabi.Receivabl</Nm>
							</Cdtr>
						</RltdPties>
						<RltdAgts>
							<DbtrAgt>
								<FinInstnId>
									<Nm>Bank of America</Nm>
								</FinInstnId>
							</DbtrAgt>
						</RltdAgts>
						<Purp>
							<Prtry>PAYMENT</Prtry>
						</Purp>
						<RmtInf>
							<Ustrd>DESC DATE=210827;ENTRY DATE=210827;IND NAME=FresniusKabi.Receivabl</Ustrd>
						</RmtInf>
					</TxDtls>
				</NtryDtls>
			</Ntry>
			<Ntry>
				<NtryRef>325357264636</NtryRef>
				<Amt Ccy="USD">53964.02</Amt>
				<CdtDbtInd>DBIT</CdtDbtInd>
				<Sts>BOOK</Sts>
				<BookgDt>
					<Dt>2021-08-27</Dt>
				</BookgDt>
				<ValDt>
					<Dt>2021-08-27</Dt>
				</ValDt>
				<AcctSvcrRef>0067590300XF</AcctSvcrRef>
				<Avlbty>
					<Dt>
						<NbOfDays>0</NbOfDays>
					</Dt>
					<Amt Ccy="USD">53964.02</Amt>
					<CdtDbtInd>DBIT</CdtDbtInd>
				</Avlbty>
				<BkTxCd>
					<Domn>
						<Cd>CAMT</Cd>
						<Fmly>
							<Cd>ACCB</Cd>
							<SubFmlyCd>ZABA</SubFmlyCd>
						</Fmly>
					</Domn>
					<Prtry>
						<Cd>575</Cd>
						<Issr>BAI</Issr>
					</Prtry>
				</BkTxCd>
				<AmtDtls>
					<TxAmt>
						<Amt Ccy="USD">53964.02</Amt>
					</TxAmt>
				</AmtDtls>
				<NtryDtls>
					<TxDtls>
						<Refs>
							<AcctSvcrRef>0067590300XF</AcctSvcrRef>
							<EndToEndId>826205531</EndToEndId>
						</Refs>
						<AmtDtls>
							<TxAmt>
								<Amt Ccy="USD">53964.02</Amt>
							</TxAmt>
						</AmtDtls>
						<Avlbty>
							<Dt>
								<NbOfDays>0</NbOfDays>
							</Dt>
							<Amt Ccy="USD">53964.02</Amt>
							<CdtDbtInd>DBIT</CdtDbtInd>
						</Avlbty>
						<RmtInf>
							<Ustrd>REMARK=CASH CONCENTRATION TRANSFER DEBIT TO ACCOUNT 000000826205531 TRN: 0067590300XF</Ustrd>
						</RmtInf>
					</TxDtls>
				</NtryDtls>
			</Ntry>
		</Stmt>
		<Stmt>
			<Id>2021-08-31T09:24:26000000921259958</Id>
			<ElctrncSeqNb>0</ElctrncSeqNb>
			<CreDtTm>2021-08-31T13:24:26.0Z</CreDtTm>
			<Acct>
				<Id>
					<Othr>
						<Id>000000921259958</Id>
					</Othr>
				</Id>
				<Ccy>USD</Ccy>
				<Nm>FRESEN KABI USA LLC</Nm>
				<Svcr>
					<FinInstnId>
						<ClrSysMmbId>
							<ClrSysId>
								<Cd>USABA</Cd>
							</ClrSysId>
							<MmbId>071000013</MmbId>
						</ClrSysMmbId>
						<Nm>JPMorgan Chase Bank, N.A. (IL)</Nm>
					</FinInstnId>
				</Svcr>
			</Acct>
			<Bal>
				<Tp>
					<CdOrPrtry>
						<Cd>OPBD</Cd>
					</CdOrPrtry>
				</Tp>
				<Amt Ccy="USD">0.00</Amt>
				<CdtDbtInd>CRDT</CdtDbtInd>
				<Dt>
					<Dt>2021-08-27</Dt>
				</Dt>
			</Bal>
			<Bal>
				<Tp>
					<CdOrPrtry>
						<Cd>CLBD</Cd>
					</CdOrPrtry>
				</Tp>
				<Amt Ccy="USD">0.00</Amt>
				<CdtDbtInd>CRDT</CdtDbtInd>
				<Dt>
					<Dt>2021-08-27</Dt>
				</Dt>
			</Bal>
			<Bal>
				<Tp>
					<CdOrPrtry>
						<Cd>OPAV</Cd>
					</CdOrPrtry>
				</Tp>
				<Amt Ccy="USD">0.00</Amt>
				<CdtDbtInd>CRDT</CdtDbtInd>
				<Dt>
					<Dt>2021-08-27</Dt>
				</Dt>
			</Bal>
			<Bal>
				<Tp>
					<CdOrPrtry>
						<Cd>FWAV</Cd>
					</CdOrPrtry>
				</Tp>
				<Amt Ccy="USD">0.00</Amt>
				<CdtDbtInd>CRDT</CdtDbtInd>
				<Dt>
					<Dt>2021-08-30</Dt>
				</Dt>
			</Bal>
			<Bal>
				<Tp>
					<CdOrPrtry>
						<Cd>CLAV</Cd>
					</CdOrPrtry>
				</Tp>
				<Amt Ccy="USD">0.00</Amt>
				<CdtDbtInd>CRDT</CdtDbtInd>
				<Dt>
					<Dt>2021-08-27</Dt>
				</Dt>
			</Bal>
			<TxsSummry>
				<TtlNtries>
					<NbOfNtries>0</NbOfNtries>
					<Sum>0.00</Sum>
					<TtlNetNtryAmt>0.00</TtlNetNtryAmt>
					<CdtDbtInd>CRDT</CdtDbtInd>
				</TtlNtries>
				<TtlCdtNtries>
					<NbOfNtries>0</NbOfNtries>
					<Sum>0.00</Sum>
				</TtlCdtNtries>
				<TtlDbtNtries>
					<NbOfNtries>0</NbOfNtries>
					<Sum>0.00</Sum>
				</TtlDbtNtries>
			</TxsSummry>
			<Ntry>
				<NtryRef>325357271031</NtryRef>
				<Amt Ccy="USD">65089.29</Amt>
				<CdtDbtInd>CRDT</CdtDbtInd>
				<Sts>BOOK</Sts>
				<BookgDt>
					<Dt>2021-08-27</Dt>
				</BookgDt>
				<ValDt>
					<Dt>2021-08-27</Dt>
				</ValDt>
				<AcctSvcrRef>0075060300XF</AcctSvcrRef>
				<Avlbty>
					<Dt>
						<NbOfDays>0</NbOfDays>
					</Dt>
					<Amt Ccy="USD">65089.29</Amt>
					<CdtDbtInd>CRDT</CdtDbtInd>
				</Avlbty>
				<BkTxCd>
					<Domn>
						<Cd>CAMT</Cd>
						<Fmly>
							<Cd>ACCB</Cd>
							<SubFmlyCd>ZABA</SubFmlyCd>
						</Fmly>
					</Domn>
					<Prtry>
						<Cd>275</Cd>
						<Issr>BAI</Issr>
					</Prtry>
				</BkTxCd>
				<AmtDtls>
					<TxAmt>
						<Amt Ccy="USD">65089.29</Amt>
					</TxAmt>
				</AmtDtls>
				<NtryDtls>
					<TxDtls>
						<Refs>
							<AcctSvcrRef>0075060300XF</AcctSvcrRef>
							<EndToEndId>352818170</EndToEndId>
						</Refs>
						<AmtDtls>
							<TxAmt>
								<Amt Ccy="USD">65089.29</Amt>
							</TxAmt>
						</AmtDtls>
						<Avlbty>
							<Dt>
								<NbOfDays>0</NbOfDays>
							</Dt>
							<Amt Ccy="USD">65089.29</Amt>
							<CdtDbtInd>CRDT</CdtDbtInd>
						</Avlbty>
						<RmtInf>
							<Ustrd>REMARK=CASH CONCENTRATION TRANSFER CREDIT FROM ACCOUNT 000000352818170 TRN: 0075060300XF</Ustrd>
						</RmtInf>
					</TxDtls>
				</NtryDtls>
			</Ntry>
			<Ntry>
				<NtryRef>325357271045</NtryRef>
				<Amt Ccy="USD">33041.48</Amt>
				<CdtDbtInd>DBIT</CdtDbtInd>
				<Sts>BOOK</Sts>
				<BookgDt>
					<Dt>2021-08-27</Dt>
				</BookgDt>
				<ValDt>
					<Dt>2021-08-27</Dt>
				</ValDt>
				<AcctSvcrRef>5980665770</AcctSvcrRef>
				<Avlbty>
					<Dt>
						<NbOfDays>0</NbOfDays>
					</Dt>
					<Amt Ccy="USD">33041.48</Amt>
					<CdtDbtInd>DBIT</CdtDbtInd>
				</Avlbty>
				<BkTxCd>
					<Domn>
						<Cd>PMNT</Cd>
						<Fmly>
							<Cd>ICHQ</Cd>
							<SubFmlyCd>CCHQ</SubFmlyCd>
						</Fmly>
					</Domn>
					<Prtry>
						<Cd>475</Cd>
						<Issr>BAI</Issr>
					</Prtry>
				</BkTxCd>
				<AmtDtls>
					<TxAmt>
						<Amt Ccy="USD">33041.48</Amt>
					</TxAmt>
				</AmtDtls>
				<NtryDtls>
					<TxDtls>
						<Refs>
							<AcctSvcrRef>5980665770</AcctSvcrRef>
							<EndToEndId>553306</EndToEndId>
							<ChqNb>0000000553306</ChqNb>
						</Refs>
						<AmtDtls>
							<TxAmt>
								<Amt Ccy="USD">33041.48</Amt>
							</TxAmt>
						</AmtDtls>
						<Avlbty>
							<Dt>
								<NbOfDays>0</NbOfDays>
							</Dt>
							<Amt Ccy="USD">33041.48</Amt>
							<CdtDbtInd>DBIT</CdtDbtInd>
						</Avlbty>
					</TxDtls>
				</NtryDtls>
			</Ntry>
			<Ntry>
				<NtryRef>325357271044</NtryRef>
				<Amt Ccy="USD">7879.65</Amt>
				<CdtDbtInd>DBIT</CdtDbtInd>
				<Sts>BOOK</Sts>
				<BookgDt>
					<Dt>2021-08-27</Dt>
				</BookgDt>
				<ValDt>
					<Dt>2021-08-27</Dt>
				</ValDt>
				<AcctSvcrRef>9980992064</AcctSvcrRef>
				<Avlbty>
					<Dt>
						<NbOfDays>0</NbOfDays>
					</Dt>
					<Amt Ccy="USD">7879.65</Amt>
					<CdtDbtInd>DBIT</CdtDbtInd>
				</Avlbty>
				<BkTxCd>
					<Domn>
						<Cd>PMNT</Cd>
						<Fmly>
							<Cd>ICHQ</Cd>
							<SubFmlyCd>CCHQ</SubFmlyCd>
						</Fmly>
					</Domn>
					<Prtry>
						<Cd>475</Cd>
						<Issr>BAI</Issr>
					</Prtry>
				</BkTxCd>
				<AmtDtls>
					<TxAmt>
						<Amt Ccy="USD">7879.65</Amt>
					</TxAmt>
				</AmtDtls>
				<NtryDtls>
					<TxDtls>
						<Refs>
							<AcctSvcrRef>9980992064</AcctSvcrRef>
							<EndToEndId>553251</EndToEndId>
							<ChqNb>0000000553251</ChqNb>
						</Refs>
						<AmtDtls>
							<TxAmt>
								<Amt Ccy="USD">7879.65</Amt>
							</TxAmt>
						</AmtDtls>
						<Avlbty>
							<Dt>
								<NbOfDays>0</NbOfDays>
							</Dt>
							<Amt Ccy="USD">7879.65</Amt>
							<CdtDbtInd>DBIT</CdtDbtInd>
						</Avlbty>
					</TxDtls>
				</NtryDtls>
			</Ntry>
			<Ntry>
				<NtryRef>325357271043</NtryRef>
				<Amt Ccy="USD">7396.52</Amt>
				<CdtDbtInd>DBIT</CdtDbtInd>
				<Sts>BOOK</Sts>
				<BookgDt>
					<Dt>2021-08-27</Dt>
				</BookgDt>
				<ValDt>
					<Dt>2021-08-27</Dt>
				</ValDt>
				<AcctSvcrRef>3290136708</AcctSvcrRef>
				<Avlbty>
					<Dt>
						<NbOfDays>0</NbOfDays>
					</Dt>
					<Amt Ccy="USD">7396.52</Amt>
					<CdtDbtInd>DBIT</CdtDbtInd>
				</Avlbty>
				<BkTxCd>
					<Domn>
						<Cd>PMNT</Cd>
						<Fmly>
							<Cd>ICHQ</Cd>
							<SubFmlyCd>CCHQ</SubFmlyCd>
						</Fmly>
					</Domn>
					<Prtry>
						<Cd>475</Cd>
						<Issr>BAI</Issr>
					</Prtry>
				</BkTxCd>
				<AmtDtls>
					<TxAmt>
						<Amt Ccy="USD">7396.52</Amt>
					</TxAmt>
				</AmtDtls>
				<NtryDtls>
					<TxDtls>
						<Refs>
							<AcctSvcrRef>3290136708</AcctSvcrRef>
							<EndToEndId>553452</EndToEndId>
							<ChqNb>0000000553452</ChqNb>
						</Refs>
						<AmtDtls>
							<TxAmt>
								<Amt Ccy="USD">7396.52</Amt>
							</TxAmt>
						</AmtDtls>
						<Avlbty>
							<Dt>
								<NbOfDays>0</NbOfDays>
							</Dt>
							<Amt Ccy="USD">7396.52</Amt>
							<CdtDbtInd>DBIT</CdtDbtInd>
						</Avlbty>
					</TxDtls>
				</NtryDtls>
			</Ntry>
			<Ntry>
				<NtryRef>325357271042</NtryRef>
				<Amt Ccy="USD">6836.54</Amt>
				<CdtDbtInd>DBIT</CdtDbtInd>
				<Sts>BOOK</Sts>
				<BookgDt>
					<Dt>2021-08-27</Dt>
				</BookgDt>
				<ValDt>
					<Dt>2021-08-27</Dt>
				</ValDt>
				<AcctSvcrRef>4570567413</AcctSvcrRef>
				<Avlbty>
					<Dt>
						<NbOfDays>0</NbOfDays>
					</Dt>
					<Amt Ccy="USD">6836.54</Amt>
					<CdtDbtInd>DBIT</CdtDbtInd>
				</Avlbty>
				<BkTxCd>
					<Domn>
						<Cd>PMNT</Cd>
						<Fmly>
							<Cd>ICHQ</Cd>
							<SubFmlyCd>CCHQ</SubFmlyCd>
						</Fmly>
					</Domn>
					<Prtry>
						<Cd>475</Cd>
						<Issr>BAI</Issr>
					</Prtry>
				</BkTxCd>
				<AmtDtls>
					<TxAmt>
						<Amt Ccy="USD">6836.54</Amt>
					</TxAmt>
				</AmtDtls>
				<NtryDtls>
					<TxDtls>
						<Refs>
							<AcctSvcrRef>4570567413</AcctSvcrRef>
							<EndToEndId>553482</EndToEndId>
							<ChqNb>0000000553482</ChqNb>
						</Refs>
						<AmtDtls>
							<TxAmt>
								<Amt Ccy="USD">6836.54</Amt>
							</TxAmt>
						</AmtDtls>
						<Avlbty>
							<Dt>
								<NbOfDays>0</NbOfDays>
							</Dt>
							<Amt Ccy="USD">6836.54</Amt>
							<CdtDbtInd>DBIT</CdtDbtInd>
						</Avlbty>
					</TxDtls>
				</NtryDtls>
			</Ntry>
			<Ntry>
				<NtryRef>325357271041</NtryRef>
				<Amt Ccy="USD">2813.28</Amt>
				<CdtDbtInd>DBIT</CdtDbtInd>
				<Sts>BOOK</Sts>
				<BookgDt>
					<Dt>2021-08-27</Dt>
				</BookgDt>
				<ValDt>
					<Dt>2021-08-27</Dt>
				</ValDt>
				<AcctSvcrRef>4570410974</AcctSvcrRef>
				<Avlbty>
					<Dt>
						<NbOfDays>0</NbOfDays>
					</Dt>
					<Amt Ccy="USD">2813.28</Amt>
					<CdtDbtInd>DBIT</CdtDbtInd>
				</Avlbty>
				<BkTxCd>
					<Domn>
						<Cd>PMNT</Cd>
						<Fmly>
							<Cd>ICHQ</Cd>
							<SubFmlyCd>CCHQ</SubFmlyCd>
						</Fmly>
					</Domn>
					<Prtry>
						<Cd>475</Cd>
						<Issr>BAI</Issr>
					</Prtry>
				</BkTxCd>
				<AmtDtls>
					<TxAmt>
						<Amt Ccy="USD">2813.28</Amt>
					</TxAmt>
				</AmtDtls>
				<NtryDtls>
					<TxDtls>
						<Refs>
							<AcctSvcrRef>4570410974</AcctSvcrRef>
							<EndToEndId>553370</EndToEndId>
							<ChqNb>0000000553370</ChqNb>
						</Refs>
						<AmtDtls>
							<TxAmt>
								<Amt Ccy="USD">2813.28</Amt>
							</TxAmt>
						</AmtDtls>
						<Avlbty>
							<Dt>
								<NbOfDays>0</NbOfDays>
							</Dt>
							<Amt Ccy="USD">2813.28</Amt>
							<CdtDbtInd>DBIT</CdtDbtInd>
						</Avlbty>
					</TxDtls>
				</NtryDtls>
			</Ntry>
			<Ntry>
				<NtryRef>325357271040</NtryRef>
				<Amt Ccy="USD">2250.00</Amt>
				<CdtDbtInd>DBIT</CdtDbtInd>
				<Sts>BOOK</Sts>
				<BookgDt>
					<Dt>2021-08-27</Dt>
				</BookgDt>
				<ValDt>
					<Dt>2021-08-27</Dt>
				</ValDt>
				<AcctSvcrRef>4570459503</AcctSvcrRef>
				<Avlbty>
					<Dt>
						<NbOfDays>0</NbOfDays>
					</Dt>
					<Amt Ccy="USD">2250.00</Amt>
					<CdtDbtInd>DBIT</CdtDbtInd>
				</Avlbty>
				<BkTxCd>
					<Domn>
						<Cd>PMNT</Cd>
						<Fmly>
							<Cd>ICHQ</Cd>
							<SubFmlyCd>CCHQ</SubFmlyCd>
						</Fmly>
					</Domn>
					<Prtry>
						<Cd>475</Cd>
						<Issr>BAI</Issr>
					</Prtry>
				</BkTxCd>
				<AmtDtls>
					<TxAmt>
						<Amt Ccy="USD">2250.00</Amt>
					</TxAmt>
				</AmtDtls>
				<NtryDtls>
					<TxDtls>
						<Refs>
							<AcctSvcrRef>4570459503</AcctSvcrRef>
							<EndToEndId>553270</EndToEndId>
							<ChqNb>0000000553270</ChqNb>
						</Refs>
						<AmtDtls>
							<TxAmt>
								<Amt Ccy="USD">2250.00</Amt>
							</TxAmt>
						</AmtDtls>
						<Avlbty>
							<Dt>
								<NbOfDays>0</NbOfDays>
							</Dt>
							<Amt Ccy="USD">2250.00</Amt>
							<CdtDbtInd>DBIT</CdtDbtInd>
						</Avlbty>
					</TxDtls>
				</NtryDtls>
			</Ntry>
			<Ntry>
				<NtryRef>325357271039</NtryRef>
				<Amt Ccy="USD">1890.47</Amt>
				<CdtDbtInd>DBIT</CdtDbtInd>
				<Sts>BOOK</Sts>
				<BookgDt>
					<Dt>2021-08-27</Dt>
				</BookgDt>
				<ValDt>
					<Dt>2021-08-27</Dt>
				</ValDt>
				<AcctSvcrRef>9980951357</AcctSvcrRef>
				<Avlbty>
					<Dt>
						<NbOfDays>0</NbOfDays>
					</Dt>
					<Amt Ccy="USD">1890.47</Amt>
					<CdtDbtInd>DBIT</CdtDbtInd>
				</Avlbty>
				<BkTxCd>
					<Domn>
						<Cd>PMNT</Cd>
						<Fmly>
							<Cd>ICHQ</Cd>
							<SubFmlyCd>CCHQ</SubFmlyCd>
						</Fmly>
					</Domn>
					<Prtry>
						<Cd>475</Cd>
						<Issr>BAI</Issr>
					</Prtry>
				</BkTxCd>
				<AmtDtls>
					<TxAmt>
						<Amt Ccy="USD">1890.47</Amt>
					</TxAmt>
				</AmtDtls>
				<NtryDtls>
					<TxDtls>
						<Refs>
							<AcctSvcrRef>9980951357</AcctSvcrRef>
							<EndToEndId>553222</EndToEndId>
							<ChqNb>0000000553222</ChqNb>
						</Refs>
						<AmtDtls>
							<TxAmt>
								<Amt Ccy="USD">1890.47</Amt>
							</TxAmt>
						</AmtDtls>
						<Avlbty>
							<Dt>
								<NbOfDays>0</NbOfDays>
							</Dt>
							<Amt Ccy="USD">1890.47</Amt>
							<CdtDbtInd>DBIT</CdtDbtInd>
						</Avlbty>
					</TxDtls>
				</NtryDtls>
			</Ntry>
			<Ntry>
				<NtryRef>325357271038</NtryRef>
				<Amt Ccy="USD">1548.54</Amt>
				<CdtDbtInd>DBIT</CdtDbtInd>
				<Sts>BOOK</Sts>
				<BookgDt>
					<Dt>2021-08-27</Dt>
				</BookgDt>
				<ValDt>
					<Dt>2021-08-27</Dt>
				</ValDt>
				<AcctSvcrRef>4570563683</AcctSvcrRef>
				<Avlbty>
					<Dt>
						<NbOfDays>0</NbOfDays>
					</Dt>
					<Amt Ccy="USD">1548.54</Amt>
					<CdtDbtInd>DBIT</CdtDbtInd>
				</Avlbty>
				<BkTxCd>
					<Domn>
						<Cd>PMNT</Cd>
						<Fmly>
							<Cd>ICHQ</Cd>
							<SubFmlyCd>CCHQ</SubFmlyCd>
						</Fmly>
					</Domn>
					<Prtry>
						<Cd>475</Cd>
						<Issr>BAI</Issr>
					</Prtry>
				</BkTxCd>
				<AmtDtls>
					<TxAmt>
						<Amt Ccy="USD">1548.54</Amt>
					</TxAmt>
				</AmtDtls>
				<NtryDtls>
					<TxDtls>
						<Refs>
							<AcctSvcrRef>4570563683</AcctSvcrRef>
							<EndToEndId>53330</EndToEndId>
							<ChqNb>0000000053330</ChqNb>
						</Refs>
						<AmtDtls>
							<TxAmt>
								<Amt Ccy="USD">1548.54</Amt>
							</TxAmt>
						</AmtDtls>
						<Avlbty>
							<Dt>
								<NbOfDays>0</NbOfDays>
							</Dt>
							<Amt Ccy="USD">1548.54</Amt>
							<CdtDbtInd>DBIT</CdtDbtInd>
						</Avlbty>
					</TxDtls>
				</NtryDtls>
			</Ntry>
			<Ntry>
				<NtryRef>325357271037</NtryRef>
				<Amt Ccy="USD">620.08</Amt>
				<CdtDbtInd>DBIT</CdtDbtInd>
				<Sts>BOOK</Sts>
				<BookgDt>
					<Dt>2021-08-27</Dt>
				</BookgDt>
				<ValDt>
					<Dt>2021-08-27</Dt>
				</ValDt>
				<AcctSvcrRef>5980591147</AcctSvcrRef>
				<Avlbty>
					<Dt>
						<NbOfDays>0</NbOfDays>
					</Dt>
					<Amt Ccy="USD">620.08</Amt>
					<CdtDbtInd>DBIT</CdtDbtInd>
				</Avlbty>
				<BkTxCd>
					<Domn>
						<Cd>PMNT</Cd>
						<Fmly>
							<Cd>ICHQ</Cd>
							<SubFmlyCd>CCHQ</SubFmlyCd>
						</Fmly>
					</Domn>
					<Prtry>
						<Cd>475</Cd>
						<Issr>BAI</Issr>
					</Prtry>
				</BkTxCd>
				<AmtDtls>
					<TxAmt>
						<Amt Ccy="USD">620.08</Amt>
					</TxAmt>
				</AmtDtls>
				<NtryDtls>
					<TxDtls>
						<Refs>
							<AcctSvcrRef>5980591147</AcctSvcrRef>
							<EndToEndId>553365</EndToEndId>
							<ChqNb>0000000553365</ChqNb>
						</Refs>
						<AmtDtls>
							<TxAmt>
								<Amt Ccy="USD">620.08</Amt>
							</TxAmt>
						</AmtDtls>
						<Avlbty>
							<Dt>
								<NbOfDays>0</NbOfDays>
							</Dt>
							<Amt Ccy="USD">620.08</Amt>
							<CdtDbtInd>DBIT</CdtDbtInd>
						</Avlbty>
					</TxDtls>
				</NtryDtls>
			</Ntry>
			<Ntry>
				<NtryRef>325357271036</NtryRef>
				<Amt Ccy="USD">420.00</Amt>
				<CdtDbtInd>DBIT</CdtDbtInd>
				<Sts>BOOK</Sts>
				<BookgDt>
					<Dt>2021-08-27</Dt>
				</BookgDt>
				<ValDt>
					<Dt>2021-08-27</Dt>
				</ValDt>
				<AcctSvcrRef>4570286601</AcctSvcrRef>
				<Avlbty>
					<Dt>
						<NbOfDays>0</NbOfDays>
					</Dt>
					<Amt Ccy="USD">420.00</Amt>
					<CdtDbtInd>DBIT</CdtDbtInd>
				</Avlbty>
				<BkTxCd>
					<Domn>
						<Cd>PMNT</Cd>
						<Fmly>
							<Cd>ICHQ</Cd>
							<SubFmlyCd>CCHQ</SubFmlyCd>
						</Fmly>
					</Domn>
					<Prtry>
						<Cd>475</Cd>
						<Issr>BAI</Issr>
					</Prtry>
				</BkTxCd>
				<AmtDtls>
					<TxAmt>
						<Amt Ccy="USD">420.00</Amt>
					</TxAmt>
				</AmtDtls>
				<NtryDtls>
					<TxDtls>
						<Refs>
							<AcctSvcrRef>4570286601</AcctSvcrRef>
							<EndToEndId>553296</EndToEndId>
							<ChqNb>0000000553296</ChqNb>
						</Refs>
						<AmtDtls>
							<TxAmt>
								<Amt Ccy="USD">420.00</Amt>
							</TxAmt>
						</AmtDtls>
						<Avlbty>
							<Dt>
								<NbOfDays>0</NbOfDays>
							</Dt>
							<Amt Ccy="USD">420.00</Amt>
							<CdtDbtInd>DBIT</CdtDbtInd>
						</Avlbty>
					</TxDtls>
				</NtryDtls>
			</Ntry>
			<Ntry>
				<NtryRef>325357271035</NtryRef>
				<Amt Ccy="USD">186.89</Amt>
				<CdtDbtInd>DBIT</CdtDbtInd>
				<Sts>BOOK</Sts>
				<BookgDt>
					<Dt>2021-08-27</Dt>
				</BookgDt>
				<ValDt>
					<Dt>2021-08-27</Dt>
				</ValDt>
				<AcctSvcrRef>4570286602</AcctSvcrRef>
				<Avlbty>
					<Dt>
						<NbOfDays>0</NbOfDays>
					</Dt>
					<Amt Ccy="USD">186.89</Amt>
					<CdtDbtInd>DBIT</CdtDbtInd>
				</Avlbty>
				<BkTxCd>
					<Domn>
						<Cd>PMNT</Cd>
						<Fmly>
							<Cd>ICHQ</Cd>
							<SubFmlyCd>CCHQ</SubFmlyCd>
						</Fmly>
					</Domn>
					<Prtry>
						<Cd>475</Cd>
						<Issr>BAI</Issr>
					</Prtry>
				</BkTxCd>
				<AmtDtls>
					<TxAmt>
						<Amt Ccy="USD">186.89</Amt>
					</TxAmt>
				</AmtDtls>
				<NtryDtls>
					<TxDtls>
						<Refs>
							<AcctSvcrRef>4570286602</AcctSvcrRef>
							<EndToEndId>553297</EndToEndId>
							<ChqNb>0000000553297</ChqNb>
						</Refs>
						<AmtDtls>
							<TxAmt>
								<Amt Ccy="USD">186.89</Amt>
							</TxAmt>
						</AmtDtls>
						<Avlbty>
							<Dt>
								<NbOfDays>0</NbOfDays>
							</Dt>
							<Amt Ccy="USD">186.89</Amt>
							<CdtDbtInd>DBIT</CdtDbtInd>
						</Avlbty>
					</TxDtls>
				</NtryDtls>
			</Ntry>
			<Ntry>
				<NtryRef>325357271034</NtryRef>
				<Amt Ccy="USD">157.37</Amt>
				<CdtDbtInd>DBIT</CdtDbtInd>
				<Sts>BOOK</Sts>
				<BookgDt>
					<Dt>2021-08-27</Dt>
				</BookgDt>
				<ValDt>
					<Dt>2021-08-27</Dt>
				</ValDt>
				<AcctSvcrRef>5980490800</AcctSvcrRef>
				<Avlbty>
					<Dt>
						<NbOfDays>0</NbOfDays>
					</Dt>
					<Amt Ccy="USD">157.37</Amt>
					<CdtDbtInd>DBIT</CdtDbtInd>
				</Avlbty>
				<BkTxCd>
					<Domn>
						<Cd>PMNT</Cd>
						<Fmly>
							<Cd>ICHQ</Cd>
							<SubFmlyCd>CCHQ</SubFmlyCd>
						</Fmly>
					</Domn>
					<Prtry>
						<Cd>475</Cd>
						<Issr>BAI</Issr>
					</Prtry>
				</BkTxCd>
				<AmtDtls>
					<TxAmt>
						<Amt Ccy="USD">157.37</Amt>
					</TxAmt>
				</AmtDtls>
				<NtryDtls>
					<TxDtls>
						<Refs>
							<AcctSvcrRef>5980490800</AcctSvcrRef>
							<EndToEndId>553429</EndToEndId>
							<ChqNb>0000000553429</ChqNb>
						</Refs>
						<AmtDtls>
							<TxAmt>
								<Amt Ccy="USD">157.37</Amt>
							</TxAmt>
						</AmtDtls>
						<Avlbty>
							<Dt>
								<NbOfDays>0</NbOfDays>
							</Dt>
							<Amt Ccy="USD">157.37</Amt>
							<CdtDbtInd>DBIT</CdtDbtInd>
						</Avlbty>
					</TxDtls>
				</NtryDtls>
			</Ntry>
			<Ntry>
				<NtryRef>325357271033</NtryRef>
				<Amt Ccy="USD">40.47</Amt>
				<CdtDbtInd>DBIT</CdtDbtInd>
				<Sts>BOOK</Sts>
				<BookgDt>
					<Dt>2021-08-27</Dt>
				</BookgDt>
				<ValDt>
					<Dt>2021-08-27</Dt>
				</ValDt>
				<AcctSvcrRef>4570286603</AcctSvcrRef>
				<Avlbty>
					<Dt>
						<NbOfDays>0</NbOfDays>
					</Dt>
					<Amt Ccy="USD">40.47</Amt>
					<CdtDbtInd>DBIT</CdtDbtInd>
				</Avlbty>
				<BkTxCd>
					<Domn>
						<Cd>PMNT</Cd>
						<Fmly>
							<Cd>ICHQ</Cd>
							<SubFmlyCd>CCHQ</SubFmlyCd>
						</Fmly>
					</Domn>
					<Prtry>
						<Cd>475</Cd>
						<Issr>BAI</Issr>
					</Prtry>
				</BkTxCd>
				<AmtDtls>
					<TxAmt>
						<Amt Ccy="USD">40.47</Amt>
					</TxAmt>
				</AmtDtls>
				<NtryDtls>
					<TxDtls>
						<Refs>
							<AcctSvcrRef>4570286603</AcctSvcrRef>
							<EndToEndId>553307</EndToEndId>
							<ChqNb>0000000553307</ChqNb>
						</Refs>
						<AmtDtls>
							<TxAmt>
								<Amt Ccy="USD">40.47</Amt>
							</TxAmt>
						</AmtDtls>
						<Avlbty>
							<Dt>
								<NbOfDays>0</NbOfDays>
							</Dt>
							<Amt Ccy="USD">40.47</Amt>
							<CdtDbtInd>DBIT</CdtDbtInd>
						</Avlbty>
					</TxDtls>
				</NtryDtls>
			</Ntry>
			<Ntry>
				<NtryRef>325357271032</NtryRef>
				<Amt Ccy="USD">8.00</Amt>
				<CdtDbtInd>DBIT</CdtDbtInd>
				<Sts>BOOK</Sts>
				<BookgDt>
					<Dt>2021-08-27</Dt>
				</BookgDt>
				<ValDt>
					<Dt>2021-08-27</Dt>
				</ValDt>
				<AcctSvcrRef>4570549924</AcctSvcrRef>
				<Avlbty>
					<Dt>
						<NbOfDays>0</NbOfDays>
					</Dt>
					<Amt Ccy="USD">8.00</Amt>
					<CdtDbtInd>DBIT</CdtDbtInd>
				</Avlbty>
				<BkTxCd>
					<Domn>
						<Cd>PMNT</Cd>
						<Fmly>
							<Cd>ICHQ</Cd>
							<SubFmlyCd>CCHQ</SubFmlyCd>
						</Fmly>
					</Domn>
					<Prtry>
						<Cd>475</Cd>
						<Issr>BAI</Issr>
					</Prtry>
				</BkTxCd>
				<AmtDtls>
					<TxAmt>
						<Amt Ccy="USD">8.00</Amt>
					</TxAmt>
				</AmtDtls>
				<NtryDtls>
					<TxDtls>
						<Refs>
							<AcctSvcrRef>4570549924</AcctSvcrRef>
							<EndToEndId>553344</EndToEndId>
							<ChqNb>0000000553344</ChqNb>
						</Refs>
						<AmtDtls>
							<TxAmt>
								<Amt Ccy="USD">8.00</Amt>
							</TxAmt>
						</AmtDtls>
						<Avlbty>
							<Dt>
								<NbOfDays>0</NbOfDays>
							</Dt>
							<Amt Ccy="USD">8.00</Amt>
							<CdtDbtInd>DBIT</CdtDbtInd>
						</Avlbty>
					</TxDtls>
				</NtryDtls>
			</Ntry>
		</Stmt>
		<Stmt>
			<Id>2021-08-31T09:24:26000000921259974</Id>
			<ElctrncSeqNb>0</ElctrncSeqNb>
			<CreDtTm>2021-08-31T13:24:26.0Z</CreDtTm>
			<Acct>
				<Id>
					<Othr>
						<Id>000000921259974</Id>
					</Othr>
				</Id>
				<Ccy>USD</Ccy>
				<Nm>FRESEN KABI USA LLC</Nm>
				<Svcr>
					<FinInstnId>
						<ClrSysMmbId>
							<ClrSysId>
								<Cd>USABA</Cd>
							</ClrSysId>
							<MmbId>071000013</MmbId>
						</ClrSysMmbId>
						<Nm>JPMorgan Chase Bank, N.A. (IL)</Nm>
					</FinInstnId>
				</Svcr>
			</Acct>
			<Bal>
				<Tp>
					<CdOrPrtry>
						<Cd>OPBD</Cd>
					</CdOrPrtry>
				</Tp>
				<Amt Ccy="USD">0.00</Amt>
				<CdtDbtInd>CRDT</CdtDbtInd>
				<Dt>
					<Dt>2021-08-27</Dt>
				</Dt>
			</Bal>
			<Bal>
				<Tp>
					<CdOrPrtry>
						<Cd>CLBD</Cd>
					</CdOrPrtry>
				</Tp>
				<Amt Ccy="USD">0.00</Amt>
				<CdtDbtInd>CRDT</CdtDbtInd>
				<Dt>
					<Dt>2021-08-27</Dt>
				</Dt>
			</Bal>
			<Bal>
				<Tp>
					<CdOrPrtry>
						<Cd>OPAV</Cd>
					</CdOrPrtry>
				</Tp>
				<Amt Ccy="USD">0.00</Amt>
				<CdtDbtInd>CRDT</CdtDbtInd>
				<Dt>
					<Dt>2021-08-27</Dt>
				</Dt>
			</Bal>
			<Bal>
				<Tp>
					<CdOrPrtry>
						<Cd>FWAV</Cd>
					</CdOrPrtry>
				</Tp>
				<Amt Ccy="USD">0.00</Amt>
				<CdtDbtInd>CRDT</CdtDbtInd>
				<Dt>
					<Dt>2021-08-30</Dt>
				</Dt>
			</Bal>
			<Bal>
				<Tp>
					<CdOrPrtry>
						<Cd>CLAV</Cd>
					</CdOrPrtry>
				</Tp>
				<Amt Ccy="USD">0.00</Amt>
				<CdtDbtInd>CRDT</CdtDbtInd>
				<Dt>
					<Dt>2021-08-27</Dt>
				</Dt>
			</Bal>
			<TxsSummry>
				<TtlNtries>
					<NbOfNtries>0</NbOfNtries>
					<Sum>0.00</Sum>
					<TtlNetNtryAmt>0.00</TtlNetNtryAmt>
					<CdtDbtInd>CRDT</CdtDbtInd>
				</TtlNtries>
				<TtlCdtNtries>
					<NbOfNtries>0</NbOfNtries>
					<Sum>0.00</Sum>
				</TtlCdtNtries>
				<TtlDbtNtries>
					<NbOfNtries>0</NbOfNtries>
					<Sum>0.00</Sum>
				</TtlDbtNtries>
			</TxsSummry>
			<Ntry>
				<NtryRef>325356959274</NtryRef>
				<Amt Ccy="USD">950000.65</Amt>
				<CdtDbtInd>CRDT</CdtDbtInd>
				<Sts>BOOK</Sts>
				<BookgDt>
					<Dt>2021-08-27</Dt>
				</BookgDt>
				<ValDt>
					<Dt>2021-08-27</Dt>
				</ValDt>
				<AcctSvcrRef>0075380300XF</AcctSvcrRef>
				<Avlbty>
					<Dt>
						<NbOfDays>0</NbOfDays>
					</Dt>
					<Amt Ccy="USD">950000.65</Amt>
					<CdtDbtInd>CRDT</CdtDbtInd>
				</Avlbty>
				<BkTxCd>
					<Domn>
						<Cd>CAMT</Cd>
						<Fmly>
							<Cd>ACCB</Cd>
							<SubFmlyCd>ZABA</SubFmlyCd>
						</Fmly>
					</Domn>
					<Prtry>
						<Cd>275</Cd>
						<Issr>BAI</Issr>
					</Prtry>
				</BkTxCd>
				<AmtDtls>
					<TxAmt>
						<Amt Ccy="USD">950000.65</Amt>
					</TxAmt>
				</AmtDtls>
				<NtryDtls>
					<TxDtls>
						<Refs>
							<AcctSvcrRef>0075380300XF</AcctSvcrRef>
							<EndToEndId>352818170</EndToEndId>
						</Refs>
						<AmtDtls>
							<TxAmt>
								<Amt Ccy="USD">950000.65</Amt>
							</TxAmt>
						</AmtDtls>
						<Avlbty>
							<Dt>
								<NbOfDays>0</NbOfDays>
							</Dt>
							<Amt Ccy="USD">950000.65</Amt>
							<CdtDbtInd>CRDT</CdtDbtInd>
						</Avlbty>
						<RmtInf>
							<Ustrd>REMARK=CASH CONCENTRATION TRANSFER CREDIT FROM ACCOUNT 000000352818170 TRN: 0075380300XF</Ustrd>
						</RmtInf>
					</TxDtls>
				</NtryDtls>
			</Ntry>
			<Ntry>
				<NtryRef>325356959275</NtryRef>
				<Amt Ccy="USD">679.55</Amt>
				<CdtDbtInd>DBIT</CdtDbtInd>
				<Sts>BOOK</Sts>
				<BookgDt>
					<Dt>2021-08-27</Dt>
				</BookgDt>
				<ValDt>
					<Dt>2021-08-27</Dt>
				</ValDt>
				<AcctSvcrRef>2382653296TC</AcctSvcrRef>
				<Avlbty>
					<Dt>
						<NbOfDays>0</NbOfDays>
					</Dt>
					<Amt Ccy="USD">679.55</Amt>
					<CdtDbtInd>DBIT</CdtDbtInd>
				</Avlbty>
				<BkTxCd>
					<Domn>
						<Cd>PMNT</Cd>
						<Fmly>
							<Cd>ICDT</Cd>
							<SubFmlyCd>ASET</SubFmlyCd>
						</Fmly>
					</Domn>
					<Prtry>
						<Cd>466</Cd>
						<Issr>BAI</Issr>
					</Prtry>
				</BkTxCd>
				<AmtDtls>
					<TxAmt>
						<Amt Ccy="USD">679.55</Amt>
					</TxAmt>
				</AmtDtls>
				<NtryDtls>
					<TxDtls>
						<Refs>
							<AcctSvcrRef>2382653296TC</AcctSvcrRef>
							<EndToEndId>2300431736</EndToEndId>
							<TxId>021000022653296</TxId>
							<Prtry>
								<Tp>ENTRY CLASS</Tp>
								<Ref>CCD</Ref>
							</Prtry>
						</Refs>
						<AmtDtls>
							<TxAmt>
								<Amt Ccy="USD">679.55</Amt>
							</TxAmt>
						</AmtDtls>
						<Avlbty>
							<Dt>
								<NbOfDays>0</NbOfDays>
							</Dt>
							<Amt Ccy="USD">679.55</Amt>
							<CdtDbtInd>DBIT</CdtDbtInd>
						</Avlbty>
						<RltdPties>
							<Cdtr>
								<Nm>FRESENIUS KABI U</Nm>
								<Id>
									<OrgId>
										<Othr>
											<Id>2300431736</Id>
										</Othr>
									</OrgId>
								</Id>
							</Cdtr>
						</RltdPties>
						<RltdAgts>
							<CdtrAgt>
								<FinInstnId>
									<Nm>JPMorgan Chase Bank, N.A. (NY)</Nm>
								</FinInstnId>
							</CdtrAgt>
						</RltdAgts>
						<Purp>
							<Prtry>PAYMENTS</Prtry>
						</Purp>
						<RmtInf>
							<Ustrd>COMPANY DATA=210826 RC23826J;DESC DATE=OFFSET;ENTRY DATE=210827;IND NAME=EFT FILE NAME: RC23826;REMARK=EFT/ACH CREATED OFFSET FOR ORIGIN#:13</Ustrd>
							<Ustrd>00431736 CO EFF DATE: 21/08/27</Ustrd>
						</RmtInf>
					</TxDtls>
				</NtryDtls>
				<AddtlNtryInf>EFT FILE NAME: RC23826</AddtlNtryInf>
			</Ntry>
			<Ntry>
				<NtryRef>325356959277</NtryRef>
				<Amt Ccy="USD">942481.10</Amt>
				<CdtDbtInd>DBIT</CdtDbtInd>
				<Sts>BOOK</Sts>
				<BookgDt>
					<Dt>2021-08-27</Dt>
				</BookgDt>
				<ValDt>
					<Dt>2021-08-27</Dt>
				</ValDt>
				<AcctSvcrRef>6360100238JO</AcctSvcrRef>
				<Avlbty>
					<Dt>
						<NbOfDays>0</NbOfDays>
					</Dt>
					<Amt Ccy="USD">942481.10</Amt>
					<CdtDbtInd>DBIT</CdtDbtInd>
				</Avlbty>
				<BkTxCd>
					<Domn>
						<Cd>PMNT</Cd>
						<Fmly>
							<Cd>ICDT</Cd>
							<SubFmlyCd>DMCT</SubFmlyCd>
						</Fmly>
					</Domn>
					<Prtry>
						<Cd>495</Cd>
						<Issr>BAI</Issr>
					</Prtry>
				</BkTxCd>
				<AmtDtls>
					<TxAmt>
						<Amt Ccy="USD">942481.10</Amt>
					</TxAmt>
				</AmtDtls>
				<NtryDtls>
					<TxDtls>
						<Refs>
							<AcctSvcrRef>6360100238JO</AcctSvcrRef>
							<EndToEndId>NONREF</EndToEndId>
						</Refs>
						<AmtDtls>
							<TxAmt>
								<Amt Ccy="USD">942481.10</Amt>
							</TxAmt>
						</AmtDtls>
						<Avlbty>
							<Dt>
								<NbOfDays>0</NbOfDays>
							</Dt>
							<Amt Ccy="USD">942481.10</Amt>
							<CdtDbtInd>DBIT</CdtDbtInd>
						</Avlbty>
						<RltdPties>
							<Cdtr>
								<Nm>/30491070000030 GLAND PHARMA LIMITED 6-3-865/1/2, GREENLAND APARTMENTS AMEERPET, HYDERABAD-500016 AP IN</Nm>
							</Cdtr>
						</RltdPties>
						<RltdAgts>
							<CdtrAgt>
								<FinInstnId>
									<Nm>00000000011395969 CANARA BANK BANGALORE CANARA BANK INTEGRATED TREASURY WING CANARA BANK BUILDING C-14 G MUMBAI INDIA 400051 IN</Nm>
								</FinInstnId>
							</CdtrAgt>
						</RltdAgts>
						<RmtInf>
							<Ustrd>REC GFP=08270031;REMARK=INV. EXP/276/2021-22, EXP/277 /2021-22, EXP/181/2021-22 EXP/925A /2020-21, EXP/927A/2020-21 CREDIT REF ATS OF 21/08/</Ustrd>
							<Ustrd>26;YOUR REF=NONREF</Ustrd>
						</RmtInf>
					</TxDtls>
				</NtryDtls>
			</Ntry>
			<Ntry>
				<NtryRef>325356959276</NtryRef>
				<Amt Ccy="USD">6840.00</Amt>
				<CdtDbtInd>DBIT</CdtDbtInd>
				<Sts>BOOK</Sts>
				<BookgDt>
					<Dt>2021-08-27</Dt>
				</BookgDt>
				<ValDt>
					<Dt>2021-08-27</Dt>
				</ValDt>
				<AcctSvcrRef>6360200238JO</AcctSvcrRef>
				<Avlbty>
					<Dt>
						<NbOfDays>0</NbOfDays>
					</Dt>
					<Amt Ccy="USD">6840.00</Amt>
					<CdtDbtInd>DBIT</CdtDbtInd>
				</Avlbty>
				<BkTxCd>
					<Domn>
						<Cd>PMNT</Cd>
						<Fmly>
							<Cd>ICDT</Cd>
							<SubFmlyCd>DMCT</SubFmlyCd>
						</Fmly>
					</Domn>
					<Prtry>
						<Cd>495</Cd>
						<Issr>BAI</Issr>
					</Prtry>
				</BkTxCd>
				<AmtDtls>
					<TxAmt>
						<Amt Ccy="USD">6840.00</Amt>
					</TxAmt>
				</AmtDtls>
				<NtryDtls>
					<TxDtls>
						<Refs>
							<AcctSvcrRef>6360200238JO</AcctSvcrRef>
							<EndToEndId>NONREF</EndToEndId>
						</Refs>
						<AmtDtls>
							<TxAmt>
								<Amt Ccy="USD">6840.00</Amt>
							</TxAmt>
						</AmtDtls>
						<Avlbty>
							<Dt>
								<NbOfDays>0</NbOfDays>
							</Dt>
							<Amt Ccy="USD">6840.00</Amt>
							<CdtDbtInd>DBIT</CdtDbtInd>
						</Avlbty>
						<RltdPties>
							<Cdtr>
								<Nm>STATE BANK OF INDIA 241/A, 2ND AND 3RD FLOOR ROAD NO. 36, HYDERABAD INDIA IN</Nm>
							</Cdtr>
							<UltmtCdtr>
								<Nm>/10260539267 NEULAND LABORATORIES LTD. SANALI INFO PARK, A BLOCK GROUND FLOOR, ROAD 2 BANJARA HILLS HYDERABAD, 500034 IN</Nm>
							</UltmtCdtr>
						</RltdPties>
						<RltdAgts>
							<CdtrAgt>
								<FinInstnId>
									<Nm>00000000544721930 STATE BANK OF INDIA STATE BANK OF INDIA GLOBAL MARKETS UNIT-KOLKATA JEEVAN SUDHA 14TH FL KOLKATA INDIA 70007-1 IN</Nm>
								</FinInstnId>
							</CdtrAgt>
						</RltdAgts>
						<RmtInf>
							<Ustrd>REC GFP=08270031;REMARK=INV. NEU/U2/EXP/00082 CREDIT REF ATS OF 21/08/26;YOUR REF=NONREF</Ustrd>
						</RmtInf>
					</TxDtls>
				</NtryDtls>
			</Ntry>
		</Stmt>
		<Stmt>
			<Id>2021-08-31T09:24:26000000921259990</Id>
			<ElctrncSeqNb>0</ElctrncSeqNb>
			<CreDtTm>2021-08-31T13:24:26.0Z</CreDtTm>
			<Acct>
				<Id>
					<Othr>
						<Id>000000921259990</Id>
					</Othr>
				</Id>
				<Ccy>USD</Ccy>
				<Nm>FRESEN KABI USA LLC</Nm>
				<Svcr>
					<FinInstnId>
						<ClrSysMmbId>
							<ClrSysId>
								<Cd>USABA</Cd>
							</ClrSysId>
							<MmbId>071000013</MmbId>
						</ClrSysMmbId>
						<Nm>JPMorgan Chase Bank, N.A. (IL)</Nm>
					</FinInstnId>
				</Svcr>
			</Acct>
			<Bal>
				<Tp>
					<CdOrPrtry>
						<Cd>OPBD</Cd>
					</CdOrPrtry>
				</Tp>
				<Amt Ccy="USD">0.00</Amt>
				<CdtDbtInd>CRDT</CdtDbtInd>
				<Dt>
					<Dt>2021-08-27</Dt>
				</Dt>
			</Bal>
			<Bal>
				<Tp>
					<CdOrPrtry>
						<Cd>CLBD</Cd>
					</CdOrPrtry>
				</Tp>
				<Amt Ccy="USD">0.00</Amt>
				<CdtDbtInd>CRDT</CdtDbtInd>
				<Dt>
					<Dt>2021-08-27</Dt>
				</Dt>
			</Bal>
			<Bal>
				<Tp>
					<CdOrPrtry>
						<Cd>OPAV</Cd>
					</CdOrPrtry>
				</Tp>
				<Amt Ccy="USD">0.00</Amt>
				<CdtDbtInd>CRDT</CdtDbtInd>
				<Dt>
					<Dt>2021-08-27</Dt>
				</Dt>
			</Bal>
			<Bal>
				<Tp>
					<CdOrPrtry>
						<Cd>FWAV</Cd>
					</CdOrPrtry>
				</Tp>
				<Amt Ccy="USD">0.00</Amt>
				<CdtDbtInd>CRDT</CdtDbtInd>
				<Dt>
					<Dt>2021-08-30</Dt>
				</Dt>
			</Bal>
			<Bal>
				<Tp>
					<CdOrPrtry>
						<Cd>CLAV</Cd>
					</CdOrPrtry>
				</Tp>
				<Amt Ccy="USD">0.00</Amt>
				<CdtDbtInd>CRDT</CdtDbtInd>
				<Dt>
					<Dt>2021-08-27</Dt>
				</Dt>
			</Bal>
			<TxsSummry>
				<TtlNtries>
					<NbOfNtries>0</NbOfNtries>
					<Sum>0.00</Sum>
					<TtlNetNtryAmt>0.00</TtlNetNtryAmt>
					<CdtDbtInd>CRDT</CdtDbtInd>
				</TtlNtries>
				<TtlCdtNtries>
					<NbOfNtries>0</NbOfNtries>
					<Sum>0.00</Sum>
				</TtlCdtNtries>
				<TtlDbtNtries>
					<NbOfNtries>0</NbOfNtries>
					<Sum>0.00</Sum>
				</TtlDbtNtries>
			</TxsSummry>
			<Ntry>
				<NtryRef>325357059802</NtryRef>
				<Amt Ccy="USD">245734.33</Amt>
				<CdtDbtInd>CRDT</CdtDbtInd>
				<Sts>BOOK</Sts>
				<BookgDt>
					<Dt>2021-08-27</Dt>
				</BookgDt>
				<ValDt>
					<Dt>2021-08-27</Dt>
				</ValDt>
				<AcctSvcrRef>0075520300XF</AcctSvcrRef>
				<Avlbty>
					<Dt>
						<NbOfDays>0</NbOfDays>
					</Dt>
					<Amt Ccy="USD">245734.33</Amt>
					<CdtDbtInd>CRDT</CdtDbtInd>
				</Avlbty>
				<BkTxCd>
					<Domn>
						<Cd>CAMT</Cd>
						<Fmly>
							<Cd>ACCB</Cd>
							<SubFmlyCd>ZABA</SubFmlyCd>
						</Fmly>
					</Domn>
					<Prtry>
						<Cd>275</Cd>
						<Issr>BAI</Issr>
					</Prtry>
				</BkTxCd>
				<AmtDtls>
					<TxAmt>
						<Amt Ccy="USD">245734.33</Amt>
					</TxAmt>
				</AmtDtls>
				<NtryDtls>
					<TxDtls>
						<Refs>
							<AcctSvcrRef>0075520300XF</AcctSvcrRef>
							<EndToEndId>352818170</EndToEndId>
						</Refs>
						<AmtDtls>
							<TxAmt>
								<Amt Ccy="USD">245734.33</Amt>
							</TxAmt>
						</AmtDtls>
						<Avlbty>
							<Dt>
								<NbOfDays>0</NbOfDays>
							</Dt>
							<Amt Ccy="USD">245734.33</Amt>
							<CdtDbtInd>CRDT</CdtDbtInd>
						</Avlbty>
						<RmtInf>
							<Ustrd>REMARK=CASH CONCENTRATION TRANSFER CREDIT FROM ACCOUNT 000000352818170 TRN: 0075520300XF</Ustrd>
						</RmtInf>
					</TxDtls>
				</NtryDtls>
			</Ntry>
			<Ntry>
				<NtryRef>325357059805</NtryRef>
				<Amt Ccy="USD">127154.47</Amt>
				<CdtDbtInd>DBIT</CdtDbtInd>
				<Sts>BOOK</Sts>
				<BookgDt>
					<Dt>2021-08-27</Dt>
				</BookgDt>
				<ValDt>
					<Dt>2021-08-27</Dt>
				</ValDt>
				<AcctSvcrRef>2391917148TC</AcctSvcrRef>
				<Avlbty>
					<Dt>
						<NbOfDays>0</NbOfDays>
					</Dt>
					<Amt Ccy="USD">127154.47</Amt>
					<CdtDbtInd>DBIT</CdtDbtInd>
				</Avlbty>
				<BkTxCd>
					<Domn>
						<Cd>PMNT</Cd>
						<Fmly>
							<Cd>RDDT</Cd>
							<SubFmlyCd>ADBT</SubFmlyCd>
						</Fmly>
					</Domn>
					<Prtry>
						<Cd>455</Cd>
						<Issr>BAI</Issr>
					</Prtry>
				</BkTxCd>
				<AmtDtls>
					<TxAmt>
						<Amt Ccy="USD">127154.47</Amt>
					</TxAmt>
				</AmtDtls>
				<NtryDtls>
					<TxDtls>
						<Refs>
							<AcctSvcrRef>2391917148TC</AcctSvcrRef>
							<EndToEndId>765631000001</EndToEndId>
							<TxId>021000021917148</TxId>
							<Prtry>
								<Tp>ENTRY CLASS</Tp>
								<Ref>CCD</Ref>
							</Prtry>
						</Refs>
						<AmtDtls>
							<TxAmt>
								<Amt Ccy="USD">127154.47</Amt>
							</TxAmt>
						</AmtDtls>
						<Avlbty>
							<Dt>
								<NbOfDays>0</NbOfDays>
							</Dt>
							<Amt Ccy="USD">127154.47</Amt>
							<CdtDbtInd>DBIT</CdtDbtInd>
						</Avlbty>
						<RltdPties>
							<Dbtr>
								<Nm>FRESENIUS KABI USA LLC</Nm>
							</Dbtr>
							<Cdtr>
								<Nm>RETIREMENT GROUP</Nm>
								<Id>
									<OrgId>
										<Othr>
											<Id>1304244201</Id>
										</Othr>
									</OrgId>
								</Id>
							</Cdtr>
						</RltdPties>
						<RltdAgts>
							<CdtrAgt>
								<FinInstnId>
									<Nm>JPMorgan Chase Bank, N.A. (NY)</Nm>
								</FinInstnId>
							</CdtrAgt>
						</RltdAgts>
						<Purp>
							<Prtry>DEBIT</Prtry>
						</Purp>
						<RmtInf>
							<Ustrd>ENTRY DATE=210827;IND NAME=FRESENIUS KABI USA LLC</Ustrd>
						</RmtInf>
					</TxDtls>
				</NtryDtls>
			</Ntry>
			<Ntry>
				<NtryRef>325357059804</NtryRef>
				<Amt Ccy="USD">116196.27</Amt>
				<CdtDbtInd>DBIT</CdtDbtInd>
				<Sts>BOOK</Sts>
				<BookgDt>
					<Dt>2021-08-27</Dt>
				</BookgDt>
				<ValDt>
					<Dt>2021-08-27</Dt>
				</ValDt>
				<AcctSvcrRef>2391917149TC</AcctSvcrRef>
				<Avlbty>
					<Dt>
						<NbOfDays>0</NbOfDays>
					</Dt>
					<Amt Ccy="USD">116196.27</Amt>
					<CdtDbtInd>DBIT</CdtDbtInd>
				</Avlbty>
				<BkTxCd>
					<Domn>
						<Cd>PMNT</Cd>
						<Fmly>
							<Cd>RDDT</Cd>
							<SubFmlyCd>ADBT</SubFmlyCd>
						</Fmly>
					</Domn>
					<Prtry>
						<Cd>455</Cd>
						<Issr>BAI</Issr>
					</Prtry>
				</BkTxCd>
				<AmtDtls>
					<TxAmt>
						<Amt Ccy="USD">116196.27</Amt>
					</TxAmt>
				</AmtDtls>
				<NtryDtls>
					<TxDtls>
						<Refs>
							<AcctSvcrRef>2391917149TC</AcctSvcrRef>
							<EndToEndId>765631000001</EndToEndId>
							<TxId>021000021917149</TxId>
							<Prtry>
								<Tp>ENTRY CLASS</Tp>
								<Ref>CCD</Ref>
							</Prtry>
						</Refs>
						<AmtDtls>
							<TxAmt>
								<Amt Ccy="USD">116196.27</Amt>
							</TxAmt>
						</AmtDtls>
						<Avlbty>
							<Dt>
								<NbOfDays>0</NbOfDays>
							</Dt>
							<Amt Ccy="USD">116196.27</Amt>
							<CdtDbtInd>DBIT</CdtDbtInd>
						</Avlbty>
						<RltdPties>
							<Dbtr>
								<Nm>FRESENIUS KABI USA LLC</Nm>
							</Dbtr>
							<Cdtr>
								<Nm>RETIREMENT GROUP</Nm>
								<Id>
									<OrgId>
										<Othr>
											<Id>1304244201</Id>
										</Othr>
									</OrgId>
								</Id>
							</Cdtr>
						</RltdPties>
						<RltdAgts>
							<CdtrAgt>
								<FinInstnId>
									<Nm>JPMorgan Chase Bank, N.A. (NY)</Nm>
								</FinInstnId>
							</CdtrAgt>
						</RltdAgts>
						<Purp>
							<Prtry>DEBIT</Prtry>
						</Purp>
						<RmtInf>
							<Ustrd>ENTRY DATE=210827;IND NAME=FRESENIUS KABI USA LLC</Ustrd>
						</RmtInf>
					</TxDtls>
				</NtryDtls>
			</Ntry>
			<Ntry>
				<NtryRef>325357059803</NtryRef>
				<Amt Ccy="USD">2383.59</Amt>
				<CdtDbtInd>DBIT</CdtDbtInd>
				<Sts>BOOK</Sts>
				<BookgDt>
					<Dt>2021-08-27</Dt>
				</BookgDt>
				<ValDt>
					<Dt>2021-08-27</Dt>
				</ValDt>
				<AcctSvcrRef>2391917151TC</AcctSvcrRef>
				<Avlbty>
					<Dt>
						<NbOfDays>0</NbOfDays>
					</Dt>
					<Amt Ccy="USD">2383.59</Amt>
					<CdtDbtInd>DBIT</CdtDbtInd>
				</Avlbty>
				<BkTxCd>
					<Domn>
						<Cd>PMNT</Cd>
						<Fmly>
							<Cd>RDDT</Cd>
							<SubFmlyCd>ADBT</SubFmlyCd>
						</Fmly>
					</Domn>
					<Prtry>
						<Cd>455</Cd>
						<Issr>BAI</Issr>
					</Prtry>
				</BkTxCd>
				<AmtDtls>
					<TxAmt>
						<Amt Ccy="USD">2383.59</Amt>
					</TxAmt>
				</AmtDtls>
				<NtryDtls>
					<TxDtls>
						<Refs>
							<AcctSvcrRef>2391917151TC</AcctSvcrRef>
							<EndToEndId>Fresenius</EndToEndId>
							<TxId>075907941917151</TxId>
							<Prtry>
								<Tp>ENTRY CLASS</Tp>
								<Ref>CCD</Ref>
							</Prtry>
						</Refs>
						<AmtDtls>
							<TxAmt>
								<Amt Ccy="USD">2383.59</Amt>
							</TxAmt>
						</AmtDtls>
						<Avlbty>
							<Dt>
								<NbOfDays>0</NbOfDays>
							</Dt>
							<Amt Ccy="USD">2383.59</Amt>
							<CdtDbtInd>DBIT</CdtDbtInd>
						</Avlbty>
						<RltdPties>
							<Dbtr>
								<Nm>Fresenius Kabi USA LLC</Nm>
							</Dbtr>
							<Cdtr>
								<Nm>HSA BANK</Nm>
								<Id>
									<OrgId>
										<Othr>
											<Id>1390634250</Id>
										</Othr>
									</OrgId>
								</Id>
							</Cdtr>
						</RltdPties>
						<RltdAgts>
							<CdtrAgt>
								<FinInstnId>
									<Nm>07590794</Nm>
								</FinInstnId>
							</CdtrAgt>
						</RltdAgts>
						<Purp>
							<Prtry>TRANSFER</Prtry>
						</Purp>
						<RmtInf>
							<Ustrd>ENTRY DATE=210827;IND NAME=Fresenius Kabi USA LLC</Ustrd>
						</RmtInf>
					</TxDtls>
				</NtryDtls>
			</Ntry>
		</Stmt>
	</BkToCstmrStmt>
</Document>
