<?xml version="1.0" encoding="UTF-8"?>
<Document xmlns="urn:iso:std:iso:20022:tech:xsd:camt.053.001.02" xmlns:xsi="http://www.w3.org/2001/XMLSchema-instance">
	<BkToCstmrStmt>
		<GrpHdr>
			<MsgId>NDM_8444611444845547430.tmp</MsgId>
			<CreDtTm>2021-08-31T13:24:00.0Z</CreDtTm>
			<MsgRcpt>
				<Id>
					<OrgId>
						<Othr>
							<Id>16371113</Id>
						</Othr>
					</OrgId>
				</Id>
			</MsgRcpt>
			<AddtlInf>Report Map = PRIOR DAY BALTRAN CUMULATIVE</AddtlInf>
		</GrpHdr>
		<Stmt>
			<Id>2021-08-31T09:24:00000000352818170</Id>
			<ElctrncSeqNb>0</ElctrncSeqNb>
			<CreDtTm>2021-08-31T13:24:00.0Z</CreDtTm>
			<Acct>
				<Id>
					<Othr>
						<Id>000000352818170</Id>
					</Othr>
				</Id>
				<Ccy>USD</Ccy>
				<Nm>FRESEN KABI USA LLC</Nm>
				<Svcr>
					<FinInstnId>
						<ClrSysMmbId>
							<ClrSysId>
								<Cd>USABA</Cd>
							</ClrSysId>
							<MmbId>071000013</MmbId>
						</ClrSysMmbId>
						<Nm>JPMorgan Chase Bank, N.A. (IL)</Nm>
					</FinInstnId>
				</Svcr>
			</Acct>
			<Bal>
				<Tp>
					<CdOrPrtry>
						<Cd>OPBD</Cd>
					</CdOrPrtry>
				</Tp>
				<Amt Ccy="USD">0.00</Amt>
				<CdtDbtInd>CRDT</CdtDbtInd>
				<Dt>
					<Dt>2021-08-24</Dt>
				</Dt>
			</Bal>
			<Bal>
				<Tp>
					<CdOrPrtry>
						<Cd>CLBD</Cd>
					</CdOrPrtry>
				</Tp>
				<Amt Ccy="USD">0.00</Amt>
				<CdtDbtInd>CRDT</CdtDbtInd>
				<Dt>
					<Dt>2021-08-24</Dt>
				</Dt>
			</Bal>
			<Bal>
				<Tp>
					<CdOrPrtry>
						<Cd>OPAV</Cd>
					</CdOrPrtry>
				</Tp>
				<Amt Ccy="USD">0.00</Amt>
				<CdtDbtInd>CRDT</CdtDbtInd>
				<Dt>
					<Dt>2021-08-24</Dt>
				</Dt>
			</Bal>
			<Bal>
				<Tp>
					<CdOrPrtry>
						<Cd>FWAV</Cd>
					</CdOrPrtry>
				</Tp>
				<Amt Ccy="USD">0.00</Amt>
				<CdtDbtInd>CRDT</CdtDbtInd>
				<Dt>
					<Dt>2021-08-25</Dt>
				</Dt>
			</Bal>
			<Bal>
				<Tp>
					<CdOrPrtry>
						<Cd>CLAV</Cd>
					</CdOrPrtry>
				</Tp>
				<Amt Ccy="USD">0.00</Amt>
				<CdtDbtInd>CRDT</CdtDbtInd>
				<Dt>
					<Dt>2021-08-24</Dt>
				</Dt>
			</Bal>
			<TxsSummry>
				<TtlNtries>
					<NbOfNtries>0</NbOfNtries>
					<Sum>0.00</Sum>
					<TtlNetNtryAmt>0.00</TtlNetNtryAmt>
					<CdtDbtInd>CRDT</CdtDbtInd>
				</TtlNtries>
				<TtlCdtNtries>
					<NbOfNtries>0</NbOfNtries>
					<Sum>0.00</Sum>
				</TtlCdtNtries>
				<TtlDbtNtries>
					<NbOfNtries>0</NbOfNtries>
					<Sum>0.00</Sum>
				</TtlDbtNtries>
			</TxsSummry>
			<Ntry>
				<NtryRef>324943114671</NtryRef>
				<Amt Ccy="USD">2038952.93</Amt>
				<CdtDbtInd>CRDT</CdtDbtInd>
				<Sts>BOOK</Sts>
				<BookgDt>
					<Dt>2021-08-24</Dt>
				</BookgDt>
				<ValDt>
					<Dt>2021-08-24</Dt>
				</ValDt>
				<AcctSvcrRef>0073260300XF</AcctSvcrRef>
				<Avlbty>
					<Dt>
						<NbOfDays>0</NbOfDays>
					</Dt>
					<Amt Ccy="USD">1899647.93</Amt>
					<CdtDbtInd>CRDT</CdtDbtInd>
				</Avlbty>
				<Avlbty>
					<Dt>
						<NbOfDays>1</NbOfDays>
					</Dt>
					<Amt Ccy="USD">110574.00</Amt>
					<CdtDbtInd>CRDT</CdtDbtInd>
				</Avlbty>
				<Avlbty>
					<Dt>
						<NbOfDays>2</NbOfDays>
					</Dt>
					<Amt Ccy="USD">28731.00</Amt>
					<CdtDbtInd>CRDT</CdtDbtInd>
				</Avlbty>
				<BkTxCd>
					<Domn>
						<Cd>CAMT</Cd>
						<Fmly>
							<Cd>ACCB</Cd>
							<SubFmlyCd>ZABA</SubFmlyCd>
						</Fmly>
					</Domn>
					<Prtry>
						<Cd>275</Cd>
						<Issr>BAI</Issr>
					</Prtry>
				</BkTxCd>
				<AmtDtls>
					<TxAmt>
						<Amt Ccy="USD">2038952.93</Amt>
					</TxAmt>
				</AmtDtls>
				<NtryDtls>
					<TxDtls>
						<Refs>
							<AcctSvcrRef>0073260300XF</AcctSvcrRef>
							<EndToEndId>921260014</EndToEndId>
						</Refs>
						<AmtDtls>
							<TxAmt>
								<Amt Ccy="USD">2038952.93</Amt>
							</TxAmt>
						</AmtDtls>
						<Avlbty>
							<Dt>
								<NbOfDays>0</NbOfDays>
							</Dt>
							<Amt Ccy="USD">1899647.93</Amt>
							<CdtDbtInd>CRDT</CdtDbtInd>
						</Avlbty>
						<Avlbty>
							<Dt>
								<NbOfDays>1</NbOfDays>
							</Dt>
							<Amt Ccy="USD">110574.00</Amt>
							<CdtDbtInd>CRDT</CdtDbtInd>
						</Avlbty>
						<Avlbty>
							<Dt>
								<NbOfDays>2</NbOfDays>
							</Dt>
							<Amt Ccy="USD">28731.00</Amt>
							<CdtDbtInd>CRDT</CdtDbtInd>
						</Avlbty>
						<RmtInf>
							<Ustrd>REMARK=CASH CONCENTRATION TRANSFER CREDIT FROM ACCOUNT 000000921260014 TRN: 0073260300XF</Ustrd>
						</RmtInf>
					</TxDtls>
				</NtryDtls>
			</Ntry>
			<Ntry>
				<NtryRef>324943114670</NtryRef>
				<Amt Ccy="USD">1614303.79</Amt>
				<CdtDbtInd>DBIT</CdtDbtInd>
				<Sts>BOOK</Sts>
				<BookgDt>
					<Dt>2021-08-24</Dt>
				</BookgDt>
				<ValDt>
					<Dt>2021-08-24</Dt>
				</ValDt>
				<AcctSvcrRef>0074190300XF</AcctSvcrRef>
				<Avlbty>
					<Dt>
						<NbOfDays>0</NbOfDays>
					</Dt>
					<Amt Ccy="USD">1474998.79</Amt>
					<CdtDbtInd>DBIT</CdtDbtInd>
				</Avlbty>
				<Avlbty>
					<Dt>
						<NbOfDays>1</NbOfDays>
					</Dt>
					<Amt Ccy="USD">110574.00</Amt>
					<CdtDbtInd>DBIT</CdtDbtInd>
				</Avlbty>
				<Avlbty>
					<Dt>
						<NbOfDays>2</NbOfDays>
					</Dt>
					<Amt Ccy="USD">28731.00</Amt>
					<CdtDbtInd>DBIT</CdtDbtInd>
				</Avlbty>
				<BkTxCd>
					<Domn>
						<Cd>CAMT</Cd>
						<Fmly>
							<Cd>ACCB</Cd>
							<SubFmlyCd>ZABA</SubFmlyCd>
						</Fmly>
					</Domn>
					<Prtry>
						<Cd>575</Cd>
						<Issr>BAI</Issr>
					</Prtry>
				</BkTxCd>
				<AmtDtls>
					<TxAmt>
						<Amt Ccy="USD">1614303.79</Amt>
					</TxAmt>
				</AmtDtls>
				<NtryDtls>
					<TxDtls>
						<Refs>
							<AcctSvcrRef>0074190300XF</AcctSvcrRef>
							<EndToEndId>912292633</EndToEndId>
						</Refs>
						<AmtDtls>
							<TxAmt>
								<Amt Ccy="USD">1614303.79</Amt>
							</TxAmt>
						</AmtDtls>
						<Avlbty>
							<Dt>
								<NbOfDays>0</NbOfDays>
							</Dt>
							<Amt Ccy="USD">1474998.79</Amt>
							<CdtDbtInd>DBIT</CdtDbtInd>
						</Avlbty>
						<Avlbty>
							<Dt>
								<NbOfDays>1</NbOfDays>
							</Dt>
							<Amt Ccy="USD">110574.00</Amt>
							<CdtDbtInd>DBIT</CdtDbtInd>
						</Avlbty>
						<Avlbty>
							<Dt>
								<NbOfDays>2</NbOfDays>
							</Dt>
							<Amt Ccy="USD">28731.00</Amt>
							<CdtDbtInd>DBIT</CdtDbtInd>
						</Avlbty>
						<RmtInf>
							<Ustrd>REMARK=CASH CONCENTRATION TRANSFER DEBIT TO ACCOUNT 000000912292633 TRN: 0074190300XF</Ustrd>
						</RmtInf>
					</TxDtls>
				</NtryDtls>
			</Ntry>
			<Ntry>
				<NtryRef>324943114669</NtryRef>
				<Amt Ccy="USD">356641.81</Amt>
				<CdtDbtInd>DBIT</CdtDbtInd>
				<Sts>BOOK</Sts>
				<BookgDt>
					<Dt>2021-08-24</Dt>
				</BookgDt>
				<ValDt>
					<Dt>2021-08-24</Dt>
				</ValDt>
				<AcctSvcrRef>0072650300XF</AcctSvcrRef>
				<Avlbty>
					<Dt>
						<NbOfDays>0</NbOfDays>
					</Dt>
					<Amt Ccy="USD">356641.81</Amt>
					<CdtDbtInd>DBIT</CdtDbtInd>
				</Avlbty>
				<BkTxCd>
					<Domn>
						<Cd>CAMT</Cd>
						<Fmly>
							<Cd>ACCB</Cd>
							<SubFmlyCd>ZABA</SubFmlyCd>
						</Fmly>
					</Domn>
					<Prtry>
						<Cd>575</Cd>
						<Issr>BAI</Issr>
					</Prtry>
				</BkTxCd>
				<AmtDtls>
					<TxAmt>
						<Amt Ccy="USD">356641.81</Amt>
					</TxAmt>
				</AmtDtls>
				<NtryDtls>
					<TxDtls>
						<Refs>
							<AcctSvcrRef>0072650300XF</AcctSvcrRef>
							<EndToEndId>921259958</EndToEndId>
						</Refs>
						<AmtDtls>
							<TxAmt>
								<Amt Ccy="USD">356641.81</Amt>
							</TxAmt>
						</AmtDtls>
						<Avlbty>
							<Dt>
								<NbOfDays>0</NbOfDays>
							</Dt>
							<Amt Ccy="USD">356641.81</Amt>
							<CdtDbtInd>DBIT</CdtDbtInd>
						</Avlbty>
						<RmtInf>
							<Ustrd>REMARK=CASH CONCENTRATION TRANSFER DEBIT TO ACCOUNT 000000921259958 TRN: 0072650300XF</Ustrd>
						</RmtInf>
					</TxDtls>
				</NtryDtls>
			</Ntry>
			<Ntry>
				<NtryRef>324943114668</NtryRef>
				<Amt Ccy="USD">44777.86</Amt>
				<CdtDbtInd>DBIT</CdtDbtInd>
				<Sts>BOOK</Sts>
				<BookgDt>
					<Dt>2021-08-24</Dt>
				</BookgDt>
				<ValDt>
					<Dt>2021-08-24</Dt>
				</ValDt>
				<AcctSvcrRef>0072990300XF</AcctSvcrRef>
				<Avlbty>
					<Dt>
						<NbOfDays>0</NbOfDays>
					</Dt>
					<Amt Ccy="USD">44777.86</Amt>
					<CdtDbtInd>DBIT</CdtDbtInd>
				</Avlbty>
				<BkTxCd>
					<Domn>
						<Cd>CAMT</Cd>
						<Fmly>
							<Cd>ACCB</Cd>
							<SubFmlyCd>ZABA</SubFmlyCd>
						</Fmly>
					</Domn>
					<Prtry>
						<Cd>575</Cd>
						<Issr>BAI</Issr>
					</Prtry>
				</BkTxCd>
				<AmtDtls>
					<TxAmt>
						<Amt Ccy="USD">44777.86</Amt>
					</TxAmt>
				</AmtDtls>
				<NtryDtls>
					<TxDtls>
						<Refs>
							<AcctSvcrRef>0072990300XF</AcctSvcrRef>
							<EndToEndId>921259974</EndToEndId>
						</Refs>
						<AmtDtls>
							<TxAmt>
								<Amt Ccy="USD">44777.86</Amt>
							</TxAmt>
						</AmtDtls>
						<Avlbty>
							<Dt>
								<NbOfDays>0</NbOfDays>
							</Dt>
							<Amt Ccy="USD">44777.86</Amt>
							<CdtDbtInd>DBIT</CdtDbtInd>
						</Avlbty>
						<RmtInf>
							<Ustrd>REMARK=CASH CONCENTRATION TRANSFER DEBIT TO ACCOUNT 000000921259974 TRN: 0072990300XF</Ustrd>
						</RmtInf>
					</TxDtls>
				</NtryDtls>
			</Ntry>
			<Ntry>
				<NtryRef>324943114667</NtryRef>
				<Amt Ccy="USD">23229.47</Amt>
				<CdtDbtInd>DBIT</CdtDbtInd>
				<Sts>BOOK</Sts>
				<BookgDt>
					<Dt>2021-08-24</Dt>
				</BookgDt>
				<ValDt>
					<Dt>2021-08-24</Dt>
				</ValDt>
				<AcctSvcrRef>0073130300XF</AcctSvcrRef>
				<Avlbty>
					<Dt>
						<NbOfDays>0</NbOfDays>
					</Dt>
					<Amt Ccy="USD">23229.47</Amt>
					<CdtDbtInd>DBIT</CdtDbtInd>
				</Avlbty>
				<BkTxCd>
					<Domn>
						<Cd>CAMT</Cd>
						<Fmly>
							<Cd>ACCB</Cd>
							<SubFmlyCd>ZABA</SubFmlyCd>
						</Fmly>
					</Domn>
					<Prtry>
						<Cd>575</Cd>
						<Issr>BAI</Issr>
					</Prtry>
				</BkTxCd>
				<AmtDtls>
					<TxAmt>
						<Amt Ccy="USD">23229.47</Amt>
					</TxAmt>
				</AmtDtls>
				<NtryDtls>
					<TxDtls>
						<Refs>
							<AcctSvcrRef>0073130300XF</AcctSvcrRef>
							<EndToEndId>921259990</EndToEndId>
						</Refs>
						<AmtDtls>
							<TxAmt>
								<Amt Ccy="USD">23229.47</Amt>
							</TxAmt>
						</AmtDtls>
						<Avlbty>
							<Dt>
								<NbOfDays>0</NbOfDays>
							</Dt>
							<Amt Ccy="USD">23229.47</Amt>
							<CdtDbtInd>DBIT</CdtDbtInd>
						</Avlbty>
						<RmtInf>
							<Ustrd>REMARK=CASH CONCENTRATION TRANSFER DEBIT TO ACCOUNT 000000921259990 TRN: 0073130300XF</Ustrd>
						</RmtInf>
					</TxDtls>
				</NtryDtls>
			</Ntry>
		</Stmt>
		<Stmt>
			<Id>2021-08-31T09:24:00000000826205531</Id>
			<ElctrncSeqNb>0</ElctrncSeqNb>
			<CreDtTm>2021-08-31T13:24:00.0Z</CreDtTm>
			<Acct>
				<Id>
					<Othr>
						<Id>000000826205531</Id>
					</Othr>
				</Id>
				<Ccy>USD</Ccy>
				<Nm>Fresen Kabi Comp LLC</Nm>
				<Svcr>
					<FinInstnId>
						<ClrSysMmbId>
							<ClrSysId>
								<Cd>USABA</Cd>
							</ClrSysId>
							<MmbId>071000013</MmbId>
						</ClrSysMmbId>
						<Nm>JPMorgan Chase Bank, N.A. (IL)</Nm>
					</FinInstnId>
				</Svcr>
			</Acct>
			<Bal>
				<Tp>
					<CdOrPrtry>
						<Cd>OPBD</Cd>
					</CdOrPrtry>
				</Tp>
				<Amt Ccy="USD">0.00</Amt>
				<CdtDbtInd>CRDT</CdtDbtInd>
				<Dt>
					<Dt>2021-08-24</Dt>
				</Dt>
			</Bal>
			<Bal>
				<Tp>
					<CdOrPrtry>
						<Cd>CLBD</Cd>
					</CdOrPrtry>
				</Tp>
				<Amt Ccy="USD">0.00</Amt>
				<CdtDbtInd>CRDT</CdtDbtInd>
				<Dt>
					<Dt>2021-08-24</Dt>
				</Dt>
			</Bal>
			<Bal>
				<Tp>
					<CdOrPrtry>
						<Cd>OPAV</Cd>
					</CdOrPrtry>
				</Tp>
				<Amt Ccy="USD">0.00</Amt>
				<CdtDbtInd>CRDT</CdtDbtInd>
				<Dt>
					<Dt>2021-08-24</Dt>
				</Dt>
			</Bal>
			<Bal>
				<Tp>
					<CdOrPrtry>
						<Cd>FWAV</Cd>
					</CdOrPrtry>
				</Tp>
				<Amt Ccy="USD">0.00</Amt>
				<CdtDbtInd>CRDT</CdtDbtInd>
				<Dt>
					<Dt>2021-08-25</Dt>
				</Dt>
			</Bal>
			<Bal>
				<Tp>
					<CdOrPrtry>
						<Cd>CLAV</Cd>
					</CdOrPrtry>
				</Tp>
				<Amt Ccy="USD">0.00</Amt>
				<CdtDbtInd>CRDT</CdtDbtInd>
				<Dt>
					<Dt>2021-08-24</Dt>
				</Dt>
			</Bal>
			<TxsSummry>
				<TtlNtries>
					<NbOfNtries>0</NbOfNtries>
					<Sum>0.00</Sum>
					<TtlNetNtryAmt>0.00</TtlNetNtryAmt>
					<CdtDbtInd>CRDT</CdtDbtInd>
				</TtlNtries>
				<TtlCdtNtries>
					<NbOfNtries>0</NbOfNtries>
					<Sum>0.00</Sum>
				</TtlCdtNtries>
				<TtlDbtNtries>
					<NbOfNtries>0</NbOfNtries>
					<Sum>0.00</Sum>
				</TtlDbtNtries>
			</TxsSummry>
		</Stmt>
		<Stmt>
			<Id>2021-08-31T09:24:00000000826205549</Id>
			<ElctrncSeqNb>0</ElctrncSeqNb>
			<CreDtTm>2021-08-31T13:24:00.0Z</CreDtTm>
			<Acct>
				<Id>
					<Othr>
						<Id>000000826205549</Id>
					</Othr>
				</Id>
				<Ccy>USD</Ccy>
				<Nm>Fresen Kabi Comp LLC</Nm>
				<Svcr>
					<FinInstnId>
						<ClrSysMmbId>
							<ClrSysId>
								<Cd>USABA</Cd>
							</ClrSysId>
							<MmbId>071000013</MmbId>
						</ClrSysMmbId>
						<Nm>JPMorgan Chase Bank, N.A. (IL)</Nm>
					</FinInstnId>
				</Svcr>
			</Acct>
			<Bal>
				<Tp>
					<CdOrPrtry>
						<Cd>OPBD</Cd>
					</CdOrPrtry>
				</Tp>
				<Amt Ccy="USD">0.00</Amt>
				<CdtDbtInd>CRDT</CdtDbtInd>
				<Dt>
					<Dt>2021-08-24</Dt>
				</Dt>
			</Bal>
			<Bal>
				<Tp>
					<CdOrPrtry>
						<Cd>CLBD</Cd>
					</CdOrPrtry>
				</Tp>
				<Amt Ccy="USD">0.00</Amt>
				<CdtDbtInd>CRDT</CdtDbtInd>
				<Dt>
					<Dt>2021-08-24</Dt>
				</Dt>
			</Bal>
			<Bal>
				<Tp>
					<CdOrPrtry>
						<Cd>OPAV</Cd>
					</CdOrPrtry>
				</Tp>
				<Amt Ccy="USD">0.00</Amt>
				<CdtDbtInd>CRDT</CdtDbtInd>
				<Dt>
					<Dt>2021-08-24</Dt>
				</Dt>
			</Bal>
			<Bal>
				<Tp>
					<CdOrPrtry>
						<Cd>FWAV</Cd>
					</CdOrPrtry>
				</Tp>
				<Amt Ccy="USD">0.00</Amt>
				<CdtDbtInd>CRDT</CdtDbtInd>
				<Dt>
					<Dt>2021-08-25</Dt>
				</Dt>
			</Bal>
			<Bal>
				<Tp>
					<CdOrPrtry>
						<Cd>CLAV</Cd>
					</CdOrPrtry>
				</Tp>
				<Amt Ccy="USD">0.00</Amt>
				<CdtDbtInd>CRDT</CdtDbtInd>
				<Dt>
					<Dt>2021-08-24</Dt>
				</Dt>
			</Bal>
			<TxsSummry>
				<TtlNtries>
					<NbOfNtries>0</NbOfNtries>
					<Sum>0.00</Sum>
					<TtlNetNtryAmt>0.00</TtlNetNtryAmt>
					<CdtDbtInd>CRDT</CdtDbtInd>
				</TtlNtries>
				<TtlCdtNtries>
					<NbOfNtries>0</NbOfNtries>
					<Sum>0.00</Sum>
				</TtlCdtNtries>
				<TtlDbtNtries>
					<NbOfNtries>0</NbOfNtries>
					<Sum>0.00</Sum>
				</TtlDbtNtries>
			</TxsSummry>
		</Stmt>
		<Stmt>
			<Id>2021-08-31T09:24:00000000826205556</Id>
			<ElctrncSeqNb>0</ElctrncSeqNb>
			<CreDtTm>2021-08-31T13:24:00.0Z</CreDtTm>
			<Acct>
				<Id>
					<Othr>
						<Id>000000826205556</Id>
					</Othr>
				</Id>
				<Ccy>USD</Ccy>
				<Nm>Fresen Kabi Comp LLC</Nm>
				<Svcr>
					<FinInstnId>
						<ClrSysMmbId>
							<ClrSysId>
								<Cd>USABA</Cd>
							</ClrSysId>
							<MmbId>071000013</MmbId>
						</ClrSysMmbId>
						<Nm>JPMorgan Chase Bank, N.A. (IL)</Nm>
					</FinInstnId>
				</Svcr>
			</Acct>
			<Bal>
				<Tp>
					<CdOrPrtry>
						<Cd>OPBD</Cd>
					</CdOrPrtry>
				</Tp>
				<Amt Ccy="USD">0.00</Amt>
				<CdtDbtInd>CRDT</CdtDbtInd>
				<Dt>
					<Dt>2021-08-24</Dt>
				</Dt>
			</Bal>
			<Bal>
				<Tp>
					<CdOrPrtry>
						<Cd>CLBD</Cd>
					</CdOrPrtry>
				</Tp>
				<Amt Ccy="USD">0.00</Amt>
				<CdtDbtInd>CRDT</CdtDbtInd>
				<Dt>
					<Dt>2021-08-24</Dt>
				</Dt>
			</Bal>
			<Bal>
				<Tp>
					<CdOrPrtry>
						<Cd>OPAV</Cd>
					</CdOrPrtry>
				</Tp>
				<Amt Ccy="USD">0.00</Amt>
				<CdtDbtInd>CRDT</CdtDbtInd>
				<Dt>
					<Dt>2021-08-24</Dt>
				</Dt>
			</Bal>
			<Bal>
				<Tp>
					<CdOrPrtry>
						<Cd>FWAV</Cd>
					</CdOrPrtry>
				</Tp>
				<Amt Ccy="USD">0.00</Amt>
				<CdtDbtInd>CRDT</CdtDbtInd>
				<Dt>
					<Dt>2021-08-25</Dt>
				</Dt>
			</Bal>
			<Bal>
				<Tp>
					<CdOrPrtry>
						<Cd>CLAV</Cd>
					</CdOrPrtry>
				</Tp>
				<Amt Ccy="USD">0.00</Amt>
				<CdtDbtInd>CRDT</CdtDbtInd>
				<Dt>
					<Dt>2021-08-24</Dt>
				</Dt>
			</Bal>
			<TxsSummry>
				<TtlNtries>
					<NbOfNtries>0</NbOfNtries>
					<Sum>0.00</Sum>
					<TtlNetNtryAmt>0.00</TtlNetNtryAmt>
					<CdtDbtInd>CRDT</CdtDbtInd>
				</TtlNtries>
				<TtlCdtNtries>
					<NbOfNtries>0</NbOfNtries>
					<Sum>0.00</Sum>
				</TtlCdtNtries>
				<TtlDbtNtries>
					<NbOfNtries>0</NbOfNtries>
					<Sum>0.00</Sum>
				</TtlDbtNtries>
			</TxsSummry>
		</Stmt>
		<Stmt>
			<Id>2021-08-31T09:24:00000000826205564</Id>
			<ElctrncSeqNb>0</ElctrncSeqNb>
			<CreDtTm>2021-08-31T13:24:00.0Z</CreDtTm>
			<Acct>
				<Id>
					<Othr>
						<Id>000000826205564</Id>
					</Othr>
				</Id>
				<Ccy>USD</Ccy>
				<Nm>Fresen Kabi Comp LLC</Nm>
				<Svcr>
					<FinInstnId>
						<ClrSysMmbId>
							<ClrSysId>
								<Cd>USABA</Cd>
							</ClrSysId>
							<MmbId>071000013</MmbId>
						</ClrSysMmbId>
						<Nm>JPMorgan Chase Bank, N.A. (IL)</Nm>
					</FinInstnId>
				</Svcr>
			</Acct>
			<Bal>
				<Tp>
					<CdOrPrtry>
						<Cd>OPBD</Cd>
					</CdOrPrtry>
				</Tp>
				<Amt Ccy="USD">0.00</Amt>
				<CdtDbtInd>CRDT</CdtDbtInd>
				<Dt>
					<Dt>2021-08-24</Dt>
				</Dt>
			</Bal>
			<Bal>
				<Tp>
					<CdOrPrtry>
						<Cd>CLBD</Cd>
					</CdOrPrtry>
				</Tp>
				<Amt Ccy="USD">0.00</Amt>
				<CdtDbtInd>CRDT</CdtDbtInd>
				<Dt>
					<Dt>2021-08-24</Dt>
				</Dt>
			</Bal>
			<Bal>
				<Tp>
					<CdOrPrtry>
						<Cd>OPAV</Cd>
					</CdOrPrtry>
				</Tp>
				<Amt Ccy="USD">0.00</Amt>
				<CdtDbtInd>CRDT</CdtDbtInd>
				<Dt>
					<Dt>2021-08-24</Dt>
				</Dt>
			</Bal>
			<Bal>
				<Tp>
					<CdOrPrtry>
						<Cd>FWAV</Cd>
					</CdOrPrtry>
				</Tp>
				<Amt Ccy="USD">0.00</Amt>
				<CdtDbtInd>CRDT</CdtDbtInd>
				<Dt>
					<Dt>2021-08-25</Dt>
				</Dt>
			</Bal>
			<Bal>
				<Tp>
					<CdOrPrtry>
						<Cd>CLAV</Cd>
					</CdOrPrtry>
				</Tp>
				<Amt Ccy="USD">0.00</Amt>
				<CdtDbtInd>CRDT</CdtDbtInd>
				<Dt>
					<Dt>2021-08-24</Dt>
				</Dt>
			</Bal>
			<TxsSummry>
				<TtlNtries>
					<NbOfNtries>0</NbOfNtries>
					<Sum>0.00</Sum>
					<TtlNetNtryAmt>0.00</TtlNetNtryAmt>
					<CdtDbtInd>CRDT</CdtDbtInd>
				</TtlNtries>
				<TtlCdtNtries>
					<NbOfNtries>0</NbOfNtries>
					<Sum>0.00</Sum>
				</TtlCdtNtries>
				<TtlDbtNtries>
					<NbOfNtries>0</NbOfNtries>
					<Sum>0.00</Sum>
				</TtlDbtNtries>
			</TxsSummry>
		</Stmt>
		<Stmt>
			<Id>2021-08-31T09:24:00000000921259958</Id>
			<ElctrncSeqNb>0</ElctrncSeqNb>
			<CreDtTm>2021-08-31T13:24:00.0Z</CreDtTm>
			<Acct>
				<Id>
					<Othr>
						<Id>000000921259958</Id>
					</Othr>
				</Id>
				<Ccy>USD</Ccy>
				<Nm>FRESEN KABI USA LLC</Nm>
				<Svcr>
					<FinInstnId>
						<ClrSysMmbId>
							<ClrSysId>
								<Cd>USABA</Cd>
							</ClrSysId>
							<MmbId>071000013</MmbId>
						</ClrSysMmbId>
						<Nm>JPMorgan Chase Bank, N.A. (IL)</Nm>
					</FinInstnId>
				</Svcr>
			</Acct>
			<Bal>
				<Tp>
					<CdOrPrtry>
						<Cd>OPBD</Cd>
					</CdOrPrtry>
				</Tp>
				<Amt Ccy="USD">0.00</Amt>
				<CdtDbtInd>CRDT</CdtDbtInd>
				<Dt>
					<Dt>2021-08-24</Dt>
				</Dt>
			</Bal>
			<Bal>
				<Tp>
					<CdOrPrtry>
						<Cd>CLBD</Cd>
					</CdOrPrtry>
				</Tp>
				<Amt Ccy="USD">0.00</Amt>
				<CdtDbtInd>CRDT</CdtDbtInd>
				<Dt>
					<Dt>2021-08-24</Dt>
				</Dt>
			</Bal>
			<Bal>
				<Tp>
					<CdOrPrtry>
						<Cd>OPAV</Cd>
					</CdOrPrtry>
				</Tp>
				<Amt Ccy="USD">0.00</Amt>
				<CdtDbtInd>CRDT</CdtDbtInd>
				<Dt>
					<Dt>2021-08-24</Dt>
				</Dt>
			</Bal>
			<Bal>
				<Tp>
					<CdOrPrtry>
						<Cd>FWAV</Cd>
					</CdOrPrtry>
				</Tp>
				<Amt Ccy="USD">0.00</Amt>
				<CdtDbtInd>CRDT</CdtDbtInd>
				<Dt>
					<Dt>2021-08-25</Dt>
				</Dt>
			</Bal>
			<Bal>
				<Tp>
					<CdOrPrtry>
						<Cd>CLAV</Cd>
					</CdOrPrtry>
				</Tp>
				<Amt Ccy="USD">0.00</Amt>
				<CdtDbtInd>CRDT</CdtDbtInd>
				<Dt>
					<Dt>2021-08-24</Dt>
				</Dt>
			</Bal>
			<TxsSummry>
				<TtlNtries>
					<NbOfNtries>0</NbOfNtries>
					<Sum>0.00</Sum>
					<TtlNetNtryAmt>0.00</TtlNetNtryAmt>
					<CdtDbtInd>CRDT</CdtDbtInd>
				</TtlNtries>
				<TtlCdtNtries>
					<NbOfNtries>0</NbOfNtries>
					<Sum>0.00</Sum>
				</TtlCdtNtries>
				<TtlDbtNtries>
					<NbOfNtries>0</NbOfNtries>
					<Sum>0.00</Sum>
				</TtlDbtNtries>
			</TxsSummry>
			<Ntry>
				<NtryRef>324943142557</NtryRef>
				<Amt Ccy="USD">356641.81</Amt>
				<CdtDbtInd>CRDT</CdtDbtInd>
				<Sts>BOOK</Sts>
				<BookgDt>
					<Dt>2021-08-24</Dt>
				</BookgDt>
				<ValDt>
					<Dt>2021-08-24</Dt>
				</ValDt>
				<AcctSvcrRef>0072660300XF</AcctSvcrRef>
				<Avlbty>
					<Dt>
						<NbOfDays>0</NbOfDays>
					</Dt>
					<Amt Ccy="USD">356641.81</Amt>
					<CdtDbtInd>CRDT</CdtDbtInd>
				</Avlbty>
				<BkTxCd>
					<Domn>
						<Cd>CAMT</Cd>
						<Fmly>
							<Cd>ACCB</Cd>
							<SubFmlyCd>ZABA</SubFmlyCd>
						</Fmly>
					</Domn>
					<Prtry>
						<Cd>275</Cd>
						<Issr>BAI</Issr>
					</Prtry>
				</BkTxCd>
				<AmtDtls>
					<TxAmt>
						<Amt Ccy="USD">356641.81</Amt>
					</TxAmt>
				</AmtDtls>
				<NtryDtls>
					<TxDtls>
						<Refs>
							<AcctSvcrRef>0072660300XF</AcctSvcrRef>
							<EndToEndId>352818170</EndToEndId>
						</Refs>
						<AmtDtls>
							<TxAmt>
								<Amt Ccy="USD">356641.81</Amt>
							</TxAmt>
						</AmtDtls>
						<Avlbty>
							<Dt>
								<NbOfDays>0</NbOfDays>
							</Dt>
							<Amt Ccy="USD">356641.81</Amt>
							<CdtDbtInd>CRDT</CdtDbtInd>
						</Avlbty>
						<RmtInf>
							<Ustrd>REMARK=CASH CONCENTRATION TRANSFER CREDIT FROM ACCOUNT 000000352818170 TRN: 0072660300XF</Ustrd>
						</RmtInf>
					</TxDtls>
				</NtryDtls>
			</Ntry>
			<Ntry>
				<NtryRef>324943142589</NtryRef>
				<Amt Ccy="USD">204722.57</Amt>
				<CdtDbtInd>DBIT</CdtDbtInd>
				<Sts>BOOK</Sts>
				<BookgDt>
					<Dt>2021-08-24</Dt>
				</BookgDt>
				<ValDt>
					<Dt>2021-08-24</Dt>
				</ValDt>
				<AcctSvcrRef>6170219406</AcctSvcrRef>
				<Avlbty>
					<Dt>
						<NbOfDays>0</NbOfDays>
					</Dt>
					<Amt Ccy="USD">204722.57</Amt>
					<CdtDbtInd>DBIT</CdtDbtInd>
				</Avlbty>
				<BkTxCd>
					<Domn>
						<Cd>PMNT</Cd>
						<Fmly>
							<Cd>ICHQ</Cd>
							<SubFmlyCd>CCHQ</SubFmlyCd>
						</Fmly>
					</Domn>
					<Prtry>
						<Cd>475</Cd>
						<Issr>BAI</Issr>
					</Prtry>
				</BkTxCd>
				<AmtDtls>
					<TxAmt>
						<Amt Ccy="USD">204722.57</Amt>
					</TxAmt>
				</AmtDtls>
				<NtryDtls>
					<TxDtls>
						<Refs>
							<AcctSvcrRef>6170219406</AcctSvcrRef>
							<EndToEndId>553388</EndToEndId>
							<ChqNb>0000000553388</ChqNb>
						</Refs>
						<AmtDtls>
							<TxAmt>
								<Amt Ccy="USD">204722.57</Amt>
							</TxAmt>
						</AmtDtls>
						<Avlbty>
							<Dt>
								<NbOfDays>0</NbOfDays>
							</Dt>
							<Amt Ccy="USD">204722.57</Amt>
							<CdtDbtInd>DBIT</CdtDbtInd>
						</Avlbty>
					</TxDtls>
				</NtryDtls>
			</Ntry>
			<Ntry>
				<NtryRef>324943142588</NtryRef>
				<Amt Ccy="USD">23214.00</Amt>
				<CdtDbtInd>DBIT</CdtDbtInd>
				<Sts>BOOK</Sts>
				<BookgDt>
					<Dt>2021-08-24</Dt>
				</BookgDt>
				<ValDt>
					<Dt>2021-08-24</Dt>
				</ValDt>
				<AcctSvcrRef>8670482606</AcctSvcrRef>
				<Avlbty>
					<Dt>
						<NbOfDays>0</NbOfDays>
					</Dt>
					<Amt Ccy="USD">23214.00</Amt>
					<CdtDbtInd>DBIT</CdtDbtInd>
				</Avlbty>
				<BkTxCd>
					<Domn>
						<Cd>PMNT</Cd>
						<Fmly>
							<Cd>ICHQ</Cd>
							<SubFmlyCd>CCHQ</SubFmlyCd>
						</Fmly>
					</Domn>
					<Prtry>
						<Cd>475</Cd>
						<Issr>BAI</Issr>
					</Prtry>
				</BkTxCd>
				<AmtDtls>
					<TxAmt>
						<Amt Ccy="USD">23214.00</Amt>
					</TxAmt>
				</AmtDtls>
				<NtryDtls>
					<TxDtls>
						<Refs>
							<AcctSvcrRef>8670482606</AcctSvcrRef>
							<EndToEndId>553326</EndToEndId>
							<ChqNb>0000000553326</ChqNb>
						</Refs>
						<AmtDtls>
							<TxAmt>
								<Amt Ccy="USD">23214.00</Amt>
							</TxAmt>
						</AmtDtls>
						<Avlbty>
							<Dt>
								<NbOfDays>0</NbOfDays>
							</Dt>
							<Amt Ccy="USD">23214.00</Amt>
							<CdtDbtInd>DBIT</CdtDbtInd>
						</Avlbty>
					</TxDtls>
				</NtryDtls>
			</Ntry>
			<Ntry>
				<NtryRef>324943142587</NtryRef>
				<Amt Ccy="USD">16673.00</Amt>
				<CdtDbtInd>DBIT</CdtDbtInd>
				<Sts>BOOK</Sts>
				<BookgDt>
					<Dt>2021-08-24</Dt>
				</BookgDt>
				<ValDt>
					<Dt>2021-08-24</Dt>
				</ValDt>
				<AcctSvcrRef>6670514026</AcctSvcrRef>
				<Avlbty>
					<Dt>
						<NbOfDays>0</NbOfDays>
					</Dt>
					<Amt Ccy="USD">16673.00</Amt>
					<CdtDbtInd>DBIT</CdtDbtInd>
				</Avlbty>
				<BkTxCd>
					<Domn>
						<Cd>PMNT</Cd>
						<Fmly>
							<Cd>ICHQ</Cd>
							<SubFmlyCd>CCHQ</SubFmlyCd>
						</Fmly>
					</Domn>
					<Prtry>
						<Cd>475</Cd>
						<Issr>BAI</Issr>
					</Prtry>
				</BkTxCd>
				<AmtDtls>
					<TxAmt>
						<Amt Ccy="USD">16673.00</Amt>
					</TxAmt>
				</AmtDtls>
				<NtryDtls>
					<TxDtls>
						<Refs>
							<AcctSvcrRef>6670514026</AcctSvcrRef>
							<EndToEndId>553323</EndToEndId>
							<ChqNb>0000000553323</ChqNb>
						</Refs>
						<AmtDtls>
							<TxAmt>
								<Amt Ccy="USD">16673.00</Amt>
							</TxAmt>
						</AmtDtls>
						<Avlbty>
							<Dt>
								<NbOfDays>0</NbOfDays>
							</Dt>
							<Amt Ccy="USD">16673.00</Amt>
							<CdtDbtInd>DBIT</CdtDbtInd>
						</Avlbty>
					</TxDtls>
				</NtryDtls>
			</Ntry>
			<Ntry>
				<NtryRef>324943142586</NtryRef>
				<Amt Ccy="USD">16020.00</Amt>
				<CdtDbtInd>DBIT</CdtDbtInd>
				<Sts>BOOK</Sts>
				<BookgDt>
					<Dt>2021-08-24</Dt>
				</BookgDt>
				<ValDt>
					<Dt>2021-08-24</Dt>
				</ValDt>
				<AcctSvcrRef>9570353802</AcctSvcrRef>
				<Avlbty>
					<Dt>
						<NbOfDays>0</NbOfDays>
					</Dt>
					<Amt Ccy="USD">16020.00</Amt>
					<CdtDbtInd>DBIT</CdtDbtInd>
				</Avlbty>
				<BkTxCd>
					<Domn>
						<Cd>PMNT</Cd>
						<Fmly>
							<Cd>ICHQ</Cd>
							<SubFmlyCd>CCHQ</SubFmlyCd>
						</Fmly>
					</Domn>
					<Prtry>
						<Cd>475</Cd>
						<Issr>BAI</Issr>
					</Prtry>
				</BkTxCd>
				<AmtDtls>
					<TxAmt>
						<Amt Ccy="USD">16020.00</Amt>
					</TxAmt>
				</AmtDtls>
				<NtryDtls>
					<TxDtls>
						<Refs>
							<AcctSvcrRef>9570353802</AcctSvcrRef>
							<EndToEndId>553329</EndToEndId>
							<ChqNb>0000000553329</ChqNb>
						</Refs>
						<AmtDtls>
							<TxAmt>
								<Amt Ccy="USD">16020.00</Amt>
							</TxAmt>
						</AmtDtls>
						<Avlbty>
							<Dt>
								<NbOfDays>0</NbOfDays>
							</Dt>
							<Amt Ccy="USD">16020.00</Amt>
							<CdtDbtInd>DBIT</CdtDbtInd>
						</Avlbty>
					</TxDtls>
				</NtryDtls>
			</Ntry>
			<Ntry>
				<NtryRef>324943142585</NtryRef>
				<Amt Ccy="USD">15000.00</Amt>
				<CdtDbtInd>DBIT</CdtDbtInd>
				<Sts>BOOK</Sts>
				<BookgDt>
					<Dt>2021-08-24</Dt>
				</BookgDt>
				<ValDt>
					<Dt>2021-08-24</Dt>
				</ValDt>
				<AcctSvcrRef>9570823729</AcctSvcrRef>
				<Avlbty>
					<Dt>
						<NbOfDays>0</NbOfDays>
					</Dt>
					<Amt Ccy="USD">15000.00</Amt>
					<CdtDbtInd>DBIT</CdtDbtInd>
				</Avlbty>
				<BkTxCd>
					<Domn>
						<Cd>PMNT</Cd>
						<Fmly>
							<Cd>ICHQ</Cd>
							<SubFmlyCd>CCHQ</SubFmlyCd>
						</Fmly>
					</Domn>
					<Prtry>
						<Cd>475</Cd>
						<Issr>BAI</Issr>
					</Prtry>
				</BkTxCd>
				<AmtDtls>
					<TxAmt>
						<Amt Ccy="USD">15000.00</Amt>
					</TxAmt>
				</AmtDtls>
				<NtryDtls>
					<TxDtls>
						<Refs>
							<AcctSvcrRef>9570823729</AcctSvcrRef>
							<EndToEndId>553357</EndToEndId>
							<ChqNb>0000000553357</ChqNb>
						</Refs>
						<AmtDtls>
							<TxAmt>
								<Amt Ccy="USD">15000.00</Amt>
							</TxAmt>
						</AmtDtls>
						<Avlbty>
							<Dt>
								<NbOfDays>0</NbOfDays>
							</Dt>
							<Amt Ccy="USD">15000.00</Amt>
							<CdtDbtInd>DBIT</CdtDbtInd>
						</Avlbty>
					</TxDtls>
				</NtryDtls>
			</Ntry>
			<Ntry>
				<NtryRef>324943142584</NtryRef>
				<Amt Ccy="USD">14085.77</Amt>
				<CdtDbtInd>DBIT</CdtDbtInd>
				<Sts>BOOK</Sts>
				<BookgDt>
					<Dt>2021-08-24</Dt>
				</BookgDt>
				<ValDt>
					<Dt>2021-08-24</Dt>
				</ValDt>
				<AcctSvcrRef>9570270022</AcctSvcrRef>
				<Avlbty>
					<Dt>
						<NbOfDays>0</NbOfDays>
					</Dt>
					<Amt Ccy="USD">14085.77</Amt>
					<CdtDbtInd>DBIT</CdtDbtInd>
				</Avlbty>
				<BkTxCd>
					<Domn>
						<Cd>PMNT</Cd>
						<Fmly>
							<Cd>ICHQ</Cd>
							<SubFmlyCd>CCHQ</SubFmlyCd>
						</Fmly>
					</Domn>
					<Prtry>
						<Cd>475</Cd>
						<Issr>BAI</Issr>
					</Prtry>
				</BkTxCd>
				<AmtDtls>
					<TxAmt>
						<Amt Ccy="USD">14085.77</Amt>
					</TxAmt>
				</AmtDtls>
				<NtryDtls>
					<TxDtls>
						<Refs>
							<AcctSvcrRef>9570270022</AcctSvcrRef>
							<EndToEndId>553381</EndToEndId>
							<ChqNb>0000000553381</ChqNb>
						</Refs>
						<AmtDtls>
							<TxAmt>
								<Amt Ccy="USD">14085.77</Amt>
							</TxAmt>
						</AmtDtls>
						<Avlbty>
							<Dt>
								<NbOfDays>0</NbOfDays>
							</Dt>
							<Amt Ccy="USD">14085.77</Amt>
							<CdtDbtInd>DBIT</CdtDbtInd>
						</Avlbty>
					</TxDtls>
				</NtryDtls>
			</Ntry>
			<Ntry>
				<NtryRef>324943142583</NtryRef>
				<Amt Ccy="USD">12150.21</Amt>
				<CdtDbtInd>DBIT</CdtDbtInd>
				<Sts>BOOK</Sts>
				<BookgDt>
					<Dt>2021-08-24</Dt>
				</BookgDt>
				<ValDt>
					<Dt>2021-08-24</Dt>
				</ValDt>
				<AcctSvcrRef>8670994058</AcctSvcrRef>
				<Avlbty>
					<Dt>
						<NbOfDays>0</NbOfDays>
					</Dt>
					<Amt Ccy="USD">12150.21</Amt>
					<CdtDbtInd>DBIT</CdtDbtInd>
				</Avlbty>
				<BkTxCd>
					<Domn>
						<Cd>PMNT</Cd>
						<Fmly>
							<Cd>ICHQ</Cd>
							<SubFmlyCd>CCHQ</SubFmlyCd>
						</Fmly>
					</Domn>
					<Prtry>
						<Cd>475</Cd>
						<Issr>BAI</Issr>
					</Prtry>
				</BkTxCd>
				<AmtDtls>
					<TxAmt>
						<Amt Ccy="USD">12150.21</Amt>
					</TxAmt>
				</AmtDtls>
				<NtryDtls>
					<TxDtls>
						<Refs>
							<AcctSvcrRef>8670994058</AcctSvcrRef>
							<EndToEndId>553310</EndToEndId>
							<ChqNb>0000000553310</ChqNb>
						</Refs>
						<AmtDtls>
							<TxAmt>
								<Amt Ccy="USD">12150.21</Amt>
							</TxAmt>
						</AmtDtls>
						<Avlbty>
							<Dt>
								<NbOfDays>0</NbOfDays>
							</Dt>
							<Amt Ccy="USD">12150.21</Amt>
							<CdtDbtInd>DBIT</CdtDbtInd>
						</Avlbty>
					</TxDtls>
				</NtryDtls>
			</Ntry>
			<Ntry>
				<NtryRef>324943142582</NtryRef>
				<Amt Ccy="USD">10598.06</Amt>
				<CdtDbtInd>DBIT</CdtDbtInd>
				<Sts>BOOK</Sts>
				<BookgDt>
					<Dt>2021-08-24</Dt>
				</BookgDt>
				<ValDt>
					<Dt>2021-08-24</Dt>
				</ValDt>
				<AcctSvcrRef>4180524496</AcctSvcrRef>
				<Avlbty>
					<Dt>
						<NbOfDays>0</NbOfDays>
					</Dt>
					<Amt Ccy="USD">10598.06</Amt>
					<CdtDbtInd>DBIT</CdtDbtInd>
				</Avlbty>
				<BkTxCd>
					<Domn>
						<Cd>PMNT</Cd>
						<Fmly>
							<Cd>ICHQ</Cd>
							<SubFmlyCd>CCHQ</SubFmlyCd>
						</Fmly>
					</Domn>
					<Prtry>
						<Cd>475</Cd>
						<Issr>BAI</Issr>
					</Prtry>
				</BkTxCd>
				<AmtDtls>
					<TxAmt>
						<Amt Ccy="USD">10598.06</Amt>
					</TxAmt>
				</AmtDtls>
				<NtryDtls>
					<TxDtls>
						<Refs>
							<AcctSvcrRef>4180524496</AcctSvcrRef>
							<EndToEndId>553384</EndToEndId>
							<ChqNb>0000000553384</ChqNb>
						</Refs>
						<AmtDtls>
							<TxAmt>
								<Amt Ccy="USD">10598.06</Amt>
							</TxAmt>
						</AmtDtls>
						<Avlbty>
							<Dt>
								<NbOfDays>0</NbOfDays>
							</Dt>
							<Amt Ccy="USD">10598.06</Amt>
							<CdtDbtInd>DBIT</CdtDbtInd>
						</Avlbty>
					</TxDtls>
				</NtryDtls>
			</Ntry>
			<Ntry>
				<NtryRef>324943142581</NtryRef>
				<Amt Ccy="USD">7500.00</Amt>
				<CdtDbtInd>DBIT</CdtDbtInd>
				<Sts>BOOK</Sts>
				<BookgDt>
					<Dt>2021-08-24</Dt>
				</BookgDt>
				<ValDt>
					<Dt>2021-08-24</Dt>
				</ValDt>
				<AcctSvcrRef>8670824576</AcctSvcrRef>
				<Avlbty>
					<Dt>
						<NbOfDays>0</NbOfDays>
					</Dt>
					<Amt Ccy="USD">7500.00</Amt>
					<CdtDbtInd>DBIT</CdtDbtInd>
				</Avlbty>
				<BkTxCd>
					<Domn>
						<Cd>PMNT</Cd>
						<Fmly>
							<Cd>ICHQ</Cd>
							<SubFmlyCd>CCHQ</SubFmlyCd>
						</Fmly>
					</Domn>
					<Prtry>
						<Cd>475</Cd>
						<Issr>BAI</Issr>
					</Prtry>
				</BkTxCd>
				<AmtDtls>
					<TxAmt>
						<Amt Ccy="USD">7500.00</Amt>
					</TxAmt>
				</AmtDtls>
				<NtryDtls>
					<TxDtls>
						<Refs>
							<AcctSvcrRef>8670824576</AcctSvcrRef>
							<EndToEndId>553328</EndToEndId>
							<ChqNb>0000000553328</ChqNb>
						</Refs>
						<AmtDtls>
							<TxAmt>
								<Amt Ccy="USD">7500.00</Amt>
							</TxAmt>
						</AmtDtls>
						<Avlbty>
							<Dt>
								<NbOfDays>0</NbOfDays>
							</Dt>
							<Amt Ccy="USD">7500.00</Amt>
							<CdtDbtInd>DBIT</CdtDbtInd>
						</Avlbty>
					</TxDtls>
				</NtryDtls>
			</Ntry>
			<Ntry>
				<NtryRef>324943142580</NtryRef>
				<Amt Ccy="USD">5224.39</Amt>
				<CdtDbtInd>DBIT</CdtDbtInd>
				<Sts>BOOK</Sts>
				<BookgDt>
					<Dt>2021-08-24</Dt>
				</BookgDt>
				<ValDt>
					<Dt>2021-08-24</Dt>
				</ValDt>
				<AcctSvcrRef>8670687503</AcctSvcrRef>
				<Avlbty>
					<Dt>
						<NbOfDays>0</NbOfDays>
					</Dt>
					<Amt Ccy="USD">5224.39</Amt>
					<CdtDbtInd>DBIT</CdtDbtInd>
				</Avlbty>
				<BkTxCd>
					<Domn>
						<Cd>PMNT</Cd>
						<Fmly>
							<Cd>ICHQ</Cd>
							<SubFmlyCd>CCHQ</SubFmlyCd>
						</Fmly>
					</Domn>
					<Prtry>
						<Cd>475</Cd>
						<Issr>BAI</Issr>
					</Prtry>
				</BkTxCd>
				<AmtDtls>
					<TxAmt>
						<Amt Ccy="USD">5224.39</Amt>
					</TxAmt>
				</AmtDtls>
				<NtryDtls>
					<TxDtls>
						<Refs>
							<AcctSvcrRef>8670687503</AcctSvcrRef>
							<EndToEndId>553359</EndToEndId>
							<ChqNb>0000000553359</ChqNb>
						</Refs>
						<AmtDtls>
							<TxAmt>
								<Amt Ccy="USD">5224.39</Amt>
							</TxAmt>
						</AmtDtls>
						<Avlbty>
							<Dt>
								<NbOfDays>0</NbOfDays>
							</Dt>
							<Amt Ccy="USD">5224.39</Amt>
							<CdtDbtInd>DBIT</CdtDbtInd>
						</Avlbty>
					</TxDtls>
				</NtryDtls>
			</Ntry>
			<Ntry>
				<NtryRef>324943142579</NtryRef>
				<Amt Ccy="USD">4717.96</Amt>
				<CdtDbtInd>DBIT</CdtDbtInd>
				<Sts>BOOK</Sts>
				<BookgDt>
					<Dt>2021-08-24</Dt>
				</BookgDt>
				<ValDt>
					<Dt>2021-08-24</Dt>
				</ValDt>
				<AcctSvcrRef>4180763276</AcctSvcrRef>
				<Avlbty>
					<Dt>
						<NbOfDays>0</NbOfDays>
					</Dt>
					<Amt Ccy="USD">4717.96</Amt>
					<CdtDbtInd>DBIT</CdtDbtInd>
				</Avlbty>
				<BkTxCd>
					<Domn>
						<Cd>PMNT</Cd>
						<Fmly>
							<Cd>ICHQ</Cd>
							<SubFmlyCd>CCHQ</SubFmlyCd>
						</Fmly>
					</Domn>
					<Prtry>
						<Cd>475</Cd>
						<Issr>BAI</Issr>
					</Prtry>
				</BkTxCd>
				<AmtDtls>
					<TxAmt>
						<Amt Ccy="USD">4717.96</Amt>
					</TxAmt>
				</AmtDtls>
				<NtryDtls>
					<TxDtls>
						<Refs>
							<AcctSvcrRef>4180763276</AcctSvcrRef>
							<EndToEndId>553131</EndToEndId>
							<ChqNb>0000000553131</ChqNb>
						</Refs>
						<AmtDtls>
							<TxAmt>
								<Amt Ccy="USD">4717.96</Amt>
							</TxAmt>
						</AmtDtls>
						<Avlbty>
							<Dt>
								<NbOfDays>0</NbOfDays>
							</Dt>
							<Amt Ccy="USD">4717.96</Amt>
							<CdtDbtInd>DBIT</CdtDbtInd>
						</Avlbty>
					</TxDtls>
				</NtryDtls>
			</Ntry>
			<Ntry>
				<NtryRef>324943142578</NtryRef>
				<Amt Ccy="USD">4441.30</Amt>
				<CdtDbtInd>DBIT</CdtDbtInd>
				<Sts>BOOK</Sts>
				<BookgDt>
					<Dt>2021-08-24</Dt>
				</BookgDt>
				<ValDt>
					<Dt>2021-08-24</Dt>
				</ValDt>
				<AcctSvcrRef>2670251005</AcctSvcrRef>
				<Avlbty>
					<Dt>
						<NbOfDays>0</NbOfDays>
					</Dt>
					<Amt Ccy="USD">4441.30</Amt>
					<CdtDbtInd>DBIT</CdtDbtInd>
				</Avlbty>
				<BkTxCd>
					<Domn>
						<Cd>PMNT</Cd>
						<Fmly>
							<Cd>ICHQ</Cd>
							<SubFmlyCd>CCHQ</SubFmlyCd>
						</Fmly>
					</Domn>
					<Prtry>
						<Cd>475</Cd>
						<Issr>BAI</Issr>
					</Prtry>
				</BkTxCd>
				<AmtDtls>
					<TxAmt>
						<Amt Ccy="USD">4441.30</Amt>
					</TxAmt>
				</AmtDtls>
				<NtryDtls>
					<TxDtls>
						<Refs>
							<AcctSvcrRef>2670251005</AcctSvcrRef>
							<EndToEndId>553337</EndToEndId>
							<ChqNb>0000000553337</ChqNb>
						</Refs>
						<AmtDtls>
							<TxAmt>
								<Amt Ccy="USD">4441.30</Amt>
							</TxAmt>
						</AmtDtls>
						<Avlbty>
							<Dt>
								<NbOfDays>0</NbOfDays>
							</Dt>
							<Amt Ccy="USD">4441.30</Amt>
							<CdtDbtInd>DBIT</CdtDbtInd>
						</Avlbty>
					</TxDtls>
				</NtryDtls>
			</Ntry>
			<Ntry>
				<NtryRef>324943142577</NtryRef>
				<Amt Ccy="USD">4235.15</Amt>
				<CdtDbtInd>DBIT</CdtDbtInd>
				<Sts>BOOK</Sts>
				<BookgDt>
					<Dt>2021-08-24</Dt>
				</BookgDt>
				<ValDt>
					<Dt>2021-08-24</Dt>
				</ValDt>
				<AcctSvcrRef>4180679878</AcctSvcrRef>
				<Avlbty>
					<Dt>
						<NbOfDays>0</NbOfDays>
					</Dt>
					<Amt Ccy="USD">4235.15</Amt>
					<CdtDbtInd>DBIT</CdtDbtInd>
				</Avlbty>
				<BkTxCd>
					<Domn>
						<Cd>PMNT</Cd>
						<Fmly>
							<Cd>ICHQ</Cd>
							<SubFmlyCd>CCHQ</SubFmlyCd>
						</Fmly>
					</Domn>
					<Prtry>
						<Cd>475</Cd>
						<Issr>BAI</Issr>
					</Prtry>
				</BkTxCd>
				<AmtDtls>
					<TxAmt>
						<Amt Ccy="USD">4235.15</Amt>
					</TxAmt>
				</AmtDtls>
				<NtryDtls>
					<TxDtls>
						<Refs>
							<AcctSvcrRef>4180679878</AcctSvcrRef>
							<EndToEndId>553385</EndToEndId>
							<ChqNb>0000000553385</ChqNb>
						</Refs>
						<AmtDtls>
							<TxAmt>
								<Amt Ccy="USD">4235.15</Amt>
							</TxAmt>
						</AmtDtls>
						<Avlbty>
							<Dt>
								<NbOfDays>0</NbOfDays>
							</Dt>
							<Amt Ccy="USD">4235.15</Amt>
							<CdtDbtInd>DBIT</CdtDbtInd>
						</Avlbty>
					</TxDtls>
				</NtryDtls>
			</Ntry>
			<Ntry>
				<NtryRef>324943142576</NtryRef>
				<Amt Ccy="USD">2356.36</Amt>
				<CdtDbtInd>DBIT</CdtDbtInd>
				<Sts>BOOK</Sts>
				<BookgDt>
					<Dt>2021-08-24</Dt>
				</BookgDt>
				<ValDt>
					<Dt>2021-08-24</Dt>
				</ValDt>
				<AcctSvcrRef>8670761254</AcctSvcrRef>
				<Avlbty>
					<Dt>
						<NbOfDays>0</NbOfDays>
					</Dt>
					<Amt Ccy="USD">2356.36</Amt>
					<CdtDbtInd>DBIT</CdtDbtInd>
				</Avlbty>
				<BkTxCd>
					<Domn>
						<Cd>PMNT</Cd>
						<Fmly>
							<Cd>ICHQ</Cd>
							<SubFmlyCd>CCHQ</SubFmlyCd>
						</Fmly>
					</Domn>
					<Prtry>
						<Cd>475</Cd>
						<Issr>BAI</Issr>
					</Prtry>
				</BkTxCd>
				<AmtDtls>
					<TxAmt>
						<Amt Ccy="USD">2356.36</Amt>
					</TxAmt>
				</AmtDtls>
				<NtryDtls>
					<TxDtls>
						<Refs>
							<AcctSvcrRef>8670761254</AcctSvcrRef>
							<EndToEndId>553347</EndToEndId>
							<ChqNb>0000000553347</ChqNb>
						</Refs>
						<AmtDtls>
							<TxAmt>
								<Amt Ccy="USD">2356.36</Amt>
							</TxAmt>
						</AmtDtls>
						<Avlbty>
							<Dt>
								<NbOfDays>0</NbOfDays>
							</Dt>
							<Amt Ccy="USD">2356.36</Amt>
							<CdtDbtInd>DBIT</CdtDbtInd>
						</Avlbty>
					</TxDtls>
				</NtryDtls>
			</Ntry>
			<Ntry>
				<NtryRef>324943142575</NtryRef>
				<Amt Ccy="USD">2355.91</Amt>
				<CdtDbtInd>DBIT</CdtDbtInd>
				<Sts>BOOK</Sts>
				<BookgDt>
					<Dt>2021-08-24</Dt>
				</BookgDt>
				<ValDt>
					<Dt>2021-08-24</Dt>
				</ValDt>
				<AcctSvcrRef>2670190955</AcctSvcrRef>
				<Avlbty>
					<Dt>
						<NbOfDays>0</NbOfDays>
					</Dt>
					<Amt Ccy="USD">2355.91</Amt>
					<CdtDbtInd>DBIT</CdtDbtInd>
				</Avlbty>
				<BkTxCd>
					<Domn>
						<Cd>PMNT</Cd>
						<Fmly>
							<Cd>ICHQ</Cd>
							<SubFmlyCd>CCHQ</SubFmlyCd>
						</Fmly>
					</Domn>
					<Prtry>
						<Cd>475</Cd>
						<Issr>BAI</Issr>
					</Prtry>
				</BkTxCd>
				<AmtDtls>
					<TxAmt>
						<Amt Ccy="USD">2355.91</Amt>
					</TxAmt>
				</AmtDtls>
				<NtryDtls>
					<TxDtls>
						<Refs>
							<AcctSvcrRef>2670190955</AcctSvcrRef>
							<EndToEndId>553360</EndToEndId>
							<ChqNb>0000000553360</ChqNb>
						</Refs>
						<AmtDtls>
							<TxAmt>
								<Amt Ccy="USD">2355.91</Amt>
							</TxAmt>
						</AmtDtls>
						<Avlbty>
							<Dt>
								<NbOfDays>0</NbOfDays>
							</Dt>
							<Amt Ccy="USD">2355.91</Amt>
							<CdtDbtInd>DBIT</CdtDbtInd>
						</Avlbty>
					</TxDtls>
				</NtryDtls>
			</Ntry>
			<Ntry>
				<NtryRef>324943142574</NtryRef>
				<Amt Ccy="USD">2351.72</Amt>
				<CdtDbtInd>DBIT</CdtDbtInd>
				<Sts>BOOK</Sts>
				<BookgDt>
					<Dt>2021-08-24</Dt>
				</BookgDt>
				<ValDt>
					<Dt>2021-08-24</Dt>
				</ValDt>
				<AcctSvcrRef>4180511391</AcctSvcrRef>
				<Avlbty>
					<Dt>
						<NbOfDays>0</NbOfDays>
					</Dt>
					<Amt Ccy="USD">2351.72</Amt>
					<CdtDbtInd>DBIT</CdtDbtInd>
				</Avlbty>
				<BkTxCd>
					<Domn>
						<Cd>PMNT</Cd>
						<Fmly>
							<Cd>ICHQ</Cd>
							<SubFmlyCd>CCHQ</SubFmlyCd>
						</Fmly>
					</Domn>
					<Prtry>
						<Cd>475</Cd>
						<Issr>BAI</Issr>
					</Prtry>
				</BkTxCd>
				<AmtDtls>
					<TxAmt>
						<Amt Ccy="USD">2351.72</Amt>
					</TxAmt>
				</AmtDtls>
				<NtryDtls>
					<TxDtls>
						<Refs>
							<AcctSvcrRef>4180511391</AcctSvcrRef>
							<EndToEndId>553287</EndToEndId>
							<ChqNb>0000000553287</ChqNb>
						</Refs>
						<AmtDtls>
							<TxAmt>
								<Amt Ccy="USD">2351.72</Amt>
							</TxAmt>
						</AmtDtls>
						<Avlbty>
							<Dt>
								<NbOfDays>0</NbOfDays>
							</Dt>
							<Amt Ccy="USD">2351.72</Amt>
							<CdtDbtInd>DBIT</CdtDbtInd>
						</Avlbty>
					</TxDtls>
				</NtryDtls>
			</Ntry>
			<Ntry>
				<NtryRef>324943142573</NtryRef>
				<Amt Ccy="USD">2321.43</Amt>
				<CdtDbtInd>DBIT</CdtDbtInd>
				<Sts>BOOK</Sts>
				<BookgDt>
					<Dt>2021-08-24</Dt>
				</BookgDt>
				<ValDt>
					<Dt>2021-08-24</Dt>
				</ValDt>
				<AcctSvcrRef>9570687323</AcctSvcrRef>
				<Avlbty>
					<Dt>
						<NbOfDays>0</NbOfDays>
					</Dt>
					<Amt Ccy="USD">2321.43</Amt>
					<CdtDbtInd>DBIT</CdtDbtInd>
				</Avlbty>
				<BkTxCd>
					<Domn>
						<Cd>PMNT</Cd>
						<Fmly>
							<Cd>ICHQ</Cd>
							<SubFmlyCd>CCHQ</SubFmlyCd>
						</Fmly>
					</Domn>
					<Prtry>
						<Cd>475</Cd>
						<Issr>BAI</Issr>
					</Prtry>
				</BkTxCd>
				<AmtDtls>
					<TxAmt>
						<Amt Ccy="USD">2321.43</Amt>
					</TxAmt>
				</AmtDtls>
				<NtryDtls>
					<TxDtls>
						<Refs>
							<AcctSvcrRef>9570687323</AcctSvcrRef>
							<EndToEndId>553343</EndToEndId>
							<ChqNb>0000000553343</ChqNb>
						</Refs>
						<AmtDtls>
							<TxAmt>
								<Amt Ccy="USD">2321.43</Amt>
							</TxAmt>
						</AmtDtls>
						<Avlbty>
							<Dt>
								<NbOfDays>0</NbOfDays>
							</Dt>
							<Amt Ccy="USD">2321.43</Amt>
							<CdtDbtInd>DBIT</CdtDbtInd>
						</Avlbty>
					</TxDtls>
				</NtryDtls>
			</Ntry>
			<Ntry>
				<NtryRef>324943142572</NtryRef>
				<Amt Ccy="USD">2223.63</Amt>
				<CdtDbtInd>DBIT</CdtDbtInd>
				<Sts>BOOK</Sts>
				<BookgDt>
					<Dt>2021-08-24</Dt>
				</BookgDt>
				<ValDt>
					<Dt>2021-08-24</Dt>
				</ValDt>
				<AcctSvcrRef>8670760440</AcctSvcrRef>
				<Avlbty>
					<Dt>
						<NbOfDays>0</NbOfDays>
					</Dt>
					<Amt Ccy="USD">2223.63</Amt>
					<CdtDbtInd>DBIT</CdtDbtInd>
				</Avlbty>
				<BkTxCd>
					<Domn>
						<Cd>PMNT</Cd>
						<Fmly>
							<Cd>ICHQ</Cd>
							<SubFmlyCd>CCHQ</SubFmlyCd>
						</Fmly>
					</Domn>
					<Prtry>
						<Cd>475</Cd>
						<Issr>BAI</Issr>
					</Prtry>
				</BkTxCd>
				<AmtDtls>
					<TxAmt>
						<Amt Ccy="USD">2223.63</Amt>
					</TxAmt>
				</AmtDtls>
				<NtryDtls>
					<TxDtls>
						<Refs>
							<AcctSvcrRef>8670760440</AcctSvcrRef>
							<EndToEndId>553377</EndToEndId>
							<ChqNb>0000000553377</ChqNb>
						</Refs>
						<AmtDtls>
							<TxAmt>
								<Amt Ccy="USD">2223.63</Amt>
							</TxAmt>
						</AmtDtls>
						<Avlbty>
							<Dt>
								<NbOfDays>0</NbOfDays>
							</Dt>
							<Amt Ccy="USD">2223.63</Amt>
							<CdtDbtInd>DBIT</CdtDbtInd>
						</Avlbty>
					</TxDtls>
				</NtryDtls>
			</Ntry>
			<Ntry>
				<NtryRef>324943142571</NtryRef>
				<Amt Ccy="USD">2014.57</Amt>
				<CdtDbtInd>DBIT</CdtDbtInd>
				<Sts>BOOK</Sts>
				<BookgDt>
					<Dt>2021-08-24</Dt>
				</BookgDt>
				<ValDt>
					<Dt>2021-08-24</Dt>
				</ValDt>
				<AcctSvcrRef>2670346194</AcctSvcrRef>
				<Avlbty>
					<Dt>
						<NbOfDays>0</NbOfDays>
					</Dt>
					<Amt Ccy="USD">2014.57</Amt>
					<CdtDbtInd>DBIT</CdtDbtInd>
				</Avlbty>
				<BkTxCd>
					<Domn>
						<Cd>PMNT</Cd>
						<Fmly>
							<Cd>ICHQ</Cd>
							<SubFmlyCd>CCHQ</SubFmlyCd>
						</Fmly>
					</Domn>
					<Prtry>
						<Cd>475</Cd>
						<Issr>BAI</Issr>
					</Prtry>
				</BkTxCd>
				<AmtDtls>
					<TxAmt>
						<Amt Ccy="USD">2014.57</Amt>
					</TxAmt>
				</AmtDtls>
				<NtryDtls>
					<TxDtls>
						<Refs>
							<AcctSvcrRef>2670346194</AcctSvcrRef>
							<EndToEndId>553325</EndToEndId>
							<ChqNb>0000000553325</ChqNb>
						</Refs>
						<AmtDtls>
							<TxAmt>
								<Amt Ccy="USD">2014.57</Amt>
							</TxAmt>
						</AmtDtls>
						<Avlbty>
							<Dt>
								<NbOfDays>0</NbOfDays>
							</Dt>
							<Amt Ccy="USD">2014.57</Amt>
							<CdtDbtInd>DBIT</CdtDbtInd>
						</Avlbty>
					</TxDtls>
				</NtryDtls>
			</Ntry>
			<Ntry>
				<NtryRef>324943142570</NtryRef>
				<Amt Ccy="USD">1006.82</Amt>
				<CdtDbtInd>DBIT</CdtDbtInd>
				<Sts>BOOK</Sts>
				<BookgDt>
					<Dt>2021-08-24</Dt>
				</BookgDt>
				<ValDt>
					<Dt>2021-08-24</Dt>
				</ValDt>
				<AcctSvcrRef>4180511390</AcctSvcrRef>
				<Avlbty>
					<Dt>
						<NbOfDays>0</NbOfDays>
					</Dt>
					<Amt Ccy="USD">1006.82</Amt>
					<CdtDbtInd>DBIT</CdtDbtInd>
				</Avlbty>
				<BkTxCd>
					<Domn>
						<Cd>PMNT</Cd>
						<Fmly>
							<Cd>ICHQ</Cd>
							<SubFmlyCd>CCHQ</SubFmlyCd>
						</Fmly>
					</Domn>
					<Prtry>
						<Cd>475</Cd>
						<Issr>BAI</Issr>
					</Prtry>
				</BkTxCd>
				<AmtDtls>
					<TxAmt>
						<Amt Ccy="USD">1006.82</Amt>
					</TxAmt>
				</AmtDtls>
				<NtryDtls>
					<TxDtls>
						<Refs>
							<AcctSvcrRef>4180511390</AcctSvcrRef>
							<EndToEndId>553289</EndToEndId>
							<ChqNb>0000000553289</ChqNb>
						</Refs>
						<AmtDtls>
							<TxAmt>
								<Amt Ccy="USD">1006.82</Amt>
							</TxAmt>
						</AmtDtls>
						<Avlbty>
							<Dt>
								<NbOfDays>0</NbOfDays>
							</Dt>
							<Amt Ccy="USD">1006.82</Amt>
							<CdtDbtInd>DBIT</CdtDbtInd>
						</Avlbty>
					</TxDtls>
				</NtryDtls>
			</Ntry>
			<Ntry>
				<NtryRef>324943142569</NtryRef>
				<Amt Ccy="USD">900.00</Amt>
				<CdtDbtInd>DBIT</CdtDbtInd>
				<Sts>BOOK</Sts>
				<BookgDt>
					<Dt>2021-08-24</Dt>
				</BookgDt>
				<ValDt>
					<Dt>2021-08-24</Dt>
				</ValDt>
				<AcctSvcrRef>9570761154</AcctSvcrRef>
				<Avlbty>
					<Dt>
						<NbOfDays>0</NbOfDays>
					</Dt>
					<Amt Ccy="USD">900.00</Amt>
					<CdtDbtInd>DBIT</CdtDbtInd>
				</Avlbty>
				<BkTxCd>
					<Domn>
						<Cd>PMNT</Cd>
						<Fmly>
							<Cd>ICHQ</Cd>
							<SubFmlyCd>CCHQ</SubFmlyCd>
						</Fmly>
					</Domn>
					<Prtry>
						<Cd>475</Cd>
						<Issr>BAI</Issr>
					</Prtry>
				</BkTxCd>
				<AmtDtls>
					<TxAmt>
						<Amt Ccy="USD">900.00</Amt>
					</TxAmt>
				</AmtDtls>
				<NtryDtls>
					<TxDtls>
						<Refs>
							<AcctSvcrRef>9570761154</AcctSvcrRef>
							<EndToEndId>553321</EndToEndId>
							<ChqNb>0000000553321</ChqNb>
						</Refs>
						<AmtDtls>
							<TxAmt>
								<Amt Ccy="USD">900.00</Amt>
							</TxAmt>
						</AmtDtls>
						<Avlbty>
							<Dt>
								<NbOfDays>0</NbOfDays>
							</Dt>
							<Amt Ccy="USD">900.00</Amt>
							<CdtDbtInd>DBIT</CdtDbtInd>
						</Avlbty>
					</TxDtls>
				</NtryDtls>
			</Ntry>
			<Ntry>
				<NtryRef>324943142568</NtryRef>
				<Amt Ccy="USD">608.87</Amt>
				<CdtDbtInd>DBIT</CdtDbtInd>
				<Sts>BOOK</Sts>
				<BookgDt>
					<Dt>2021-08-24</Dt>
				</BookgDt>
				<ValDt>
					<Dt>2021-08-24</Dt>
				</ValDt>
				<AcctSvcrRef>2670988057</AcctSvcrRef>
				<Avlbty>
					<Dt>
						<NbOfDays>0</NbOfDays>
					</Dt>
					<Amt Ccy="USD">608.87</Amt>
					<CdtDbtInd>DBIT</CdtDbtInd>
				</Avlbty>
				<BkTxCd>
					<Domn>
						<Cd>PMNT</Cd>
						<Fmly>
							<Cd>ICHQ</Cd>
							<SubFmlyCd>CCHQ</SubFmlyCd>
						</Fmly>
					</Domn>
					<Prtry>
						<Cd>475</Cd>
						<Issr>BAI</Issr>
					</Prtry>
				</BkTxCd>
				<AmtDtls>
					<TxAmt>
						<Amt Ccy="USD">608.87</Amt>
					</TxAmt>
				</AmtDtls>
				<NtryDtls>
					<TxDtls>
						<Refs>
							<AcctSvcrRef>2670988057</AcctSvcrRef>
							<EndToEndId>553386</EndToEndId>
							<ChqNb>0000000553386</ChqNb>
						</Refs>
						<AmtDtls>
							<TxAmt>
								<Amt Ccy="USD">608.87</Amt>
							</TxAmt>
						</AmtDtls>
						<Avlbty>
							<Dt>
								<NbOfDays>0</NbOfDays>
							</Dt>
							<Amt Ccy="USD">608.87</Amt>
							<CdtDbtInd>DBIT</CdtDbtInd>
						</Avlbty>
					</TxDtls>
				</NtryDtls>
			</Ntry>
			<Ntry>
				<NtryRef>324943142567</NtryRef>
				<Amt Ccy="USD">585.74</Amt>
				<CdtDbtInd>DBIT</CdtDbtInd>
				<Sts>BOOK</Sts>
				<BookgDt>
					<Dt>2021-08-24</Dt>
				</BookgDt>
				<ValDt>
					<Dt>2021-08-24</Dt>
				</ValDt>
				<AcctSvcrRef>4180503718</AcctSvcrRef>
				<Avlbty>
					<Dt>
						<NbOfDays>0</NbOfDays>
					</Dt>
					<Amt Ccy="USD">585.74</Amt>
					<CdtDbtInd>DBIT</CdtDbtInd>
				</Avlbty>
				<BkTxCd>
					<Domn>
						<Cd>PMNT</Cd>
						<Fmly>
							<Cd>ICHQ</Cd>
							<SubFmlyCd>CCHQ</SubFmlyCd>
						</Fmly>
					</Domn>
					<Prtry>
						<Cd>475</Cd>
						<Issr>BAI</Issr>
					</Prtry>
				</BkTxCd>
				<AmtDtls>
					<TxAmt>
						<Amt Ccy="USD">585.74</Amt>
					</TxAmt>
				</AmtDtls>
				<NtryDtls>
					<TxDtls>
						<Refs>
							<AcctSvcrRef>4180503718</AcctSvcrRef>
							<EndToEndId>553351</EndToEndId>
							<ChqNb>0000000553351</ChqNb>
						</Refs>
						<AmtDtls>
							<TxAmt>
								<Amt Ccy="USD">585.74</Amt>
							</TxAmt>
						</AmtDtls>
						<Avlbty>
							<Dt>
								<NbOfDays>0</NbOfDays>
							</Dt>
							<Amt Ccy="USD">585.74</Amt>
							<CdtDbtInd>DBIT</CdtDbtInd>
						</Avlbty>
					</TxDtls>
				</NtryDtls>
			</Ntry>
			<Ntry>
				<NtryRef>324943142566</NtryRef>
				<Amt Ccy="USD">241.91</Amt>
				<CdtDbtInd>DBIT</CdtDbtInd>
				<Sts>BOOK</Sts>
				<BookgDt>
					<Dt>2021-08-24</Dt>
				</BookgDt>
				<ValDt>
					<Dt>2021-08-24</Dt>
				</ValDt>
				<AcctSvcrRef>4180511389</AcctSvcrRef>
				<Avlbty>
					<Dt>
						<NbOfDays>0</NbOfDays>
					</Dt>
					<Amt Ccy="USD">241.91</Amt>
					<CdtDbtInd>DBIT</CdtDbtInd>
				</Avlbty>
				<BkTxCd>
					<Domn>
						<Cd>PMNT</Cd>
						<Fmly>
							<Cd>ICHQ</Cd>
							<SubFmlyCd>CCHQ</SubFmlyCd>
						</Fmly>
					</Domn>
					<Prtry>
						<Cd>475</Cd>
						<Issr>BAI</Issr>
					</Prtry>
				</BkTxCd>
				<AmtDtls>
					<TxAmt>
						<Amt Ccy="USD">241.91</Amt>
					</TxAmt>
				</AmtDtls>
				<NtryDtls>
					<TxDtls>
						<Refs>
							<AcctSvcrRef>4180511389</AcctSvcrRef>
							<EndToEndId>553288</EndToEndId>
							<ChqNb>0000000553288</ChqNb>
						</Refs>
						<AmtDtls>
							<TxAmt>
								<Amt Ccy="USD">241.91</Amt>
							</TxAmt>
						</AmtDtls>
						<Avlbty>
							<Dt>
								<NbOfDays>0</NbOfDays>
							</Dt>
							<Amt Ccy="USD">241.91</Amt>
							<CdtDbtInd>DBIT</CdtDbtInd>
						</Avlbty>
					</TxDtls>
				</NtryDtls>
			</Ntry>
			<Ntry>
				<NtryRef>324943142565</NtryRef>
				<Amt Ccy="USD">223.00</Amt>
				<CdtDbtInd>DBIT</CdtDbtInd>
				<Sts>BOOK</Sts>
				<BookgDt>
					<Dt>2021-08-24</Dt>
				</BookgDt>
				<ValDt>
					<Dt>2021-08-24</Dt>
				</ValDt>
				<AcctSvcrRef>9570824162</AcctSvcrRef>
				<Avlbty>
					<Dt>
						<NbOfDays>0</NbOfDays>
					</Dt>
					<Amt Ccy="USD">223.00</Amt>
					<CdtDbtInd>DBIT</CdtDbtInd>
				</Avlbty>
				<BkTxCd>
					<Domn>
						<Cd>PMNT</Cd>
						<Fmly>
							<Cd>ICHQ</Cd>
							<SubFmlyCd>CCHQ</SubFmlyCd>
						</Fmly>
					</Domn>
					<Prtry>
						<Cd>475</Cd>
						<Issr>BAI</Issr>
					</Prtry>
				</BkTxCd>
				<AmtDtls>
					<TxAmt>
						<Amt Ccy="USD">223.00</Amt>
					</TxAmt>
				</AmtDtls>
				<NtryDtls>
					<TxDtls>
						<Refs>
							<AcctSvcrRef>9570824162</AcctSvcrRef>
							<EndToEndId>553319</EndToEndId>
							<ChqNb>0000000553319</ChqNb>
						</Refs>
						<AmtDtls>
							<TxAmt>
								<Amt Ccy="USD">223.00</Amt>
							</TxAmt>
						</AmtDtls>
						<Avlbty>
							<Dt>
								<NbOfDays>0</NbOfDays>
							</Dt>
							<Amt Ccy="USD">223.00</Amt>
							<CdtDbtInd>DBIT</CdtDbtInd>
						</Avlbty>
					</TxDtls>
				</NtryDtls>
			</Ntry>
			<Ntry>
				<NtryRef>324943142564</NtryRef>
				<Amt Ccy="USD">215.31</Amt>
				<CdtDbtInd>DBIT</CdtDbtInd>
				<Sts>BOOK</Sts>
				<BookgDt>
					<Dt>2021-08-24</Dt>
				</BookgDt>
				<ValDt>
					<Dt>2021-08-24</Dt>
				</ValDt>
				<AcctSvcrRef>2670268510</AcctSvcrRef>
				<Avlbty>
					<Dt>
						<NbOfDays>0</NbOfDays>
					</Dt>
					<Amt Ccy="USD">215.31</Amt>
					<CdtDbtInd>DBIT</CdtDbtInd>
				</Avlbty>
				<BkTxCd>
					<Domn>
						<Cd>PMNT</Cd>
						<Fmly>
							<Cd>ICHQ</Cd>
							<SubFmlyCd>CCHQ</SubFmlyCd>
						</Fmly>
					</Domn>
					<Prtry>
						<Cd>475</Cd>
						<Issr>BAI</Issr>
					</Prtry>
				</BkTxCd>
				<AmtDtls>
					<TxAmt>
						<Amt Ccy="USD">215.31</Amt>
					</TxAmt>
				</AmtDtls>
				<NtryDtls>
					<TxDtls>
						<Refs>
							<AcctSvcrRef>2670268510</AcctSvcrRef>
							<EndToEndId>553318</EndToEndId>
							<ChqNb>0000000553318</ChqNb>
						</Refs>
						<AmtDtls>
							<TxAmt>
								<Amt Ccy="USD">215.31</Amt>
							</TxAmt>
						</AmtDtls>
						<Avlbty>
							<Dt>
								<NbOfDays>0</NbOfDays>
							</Dt>
							<Amt Ccy="USD">215.31</Amt>
							<CdtDbtInd>DBIT</CdtDbtInd>
						</Avlbty>
					</TxDtls>
				</NtryDtls>
			</Ntry>
			<Ntry>
				<NtryRef>324943142563</NtryRef>
				<Amt Ccy="USD">199.79</Amt>
				<CdtDbtInd>DBIT</CdtDbtInd>
				<Sts>BOOK</Sts>
				<BookgDt>
					<Dt>2021-08-24</Dt>
				</BookgDt>
				<ValDt>
					<Dt>2021-08-24</Dt>
				</ValDt>
				<AcctSvcrRef>2670748749</AcctSvcrRef>
				<Avlbty>
					<Dt>
						<NbOfDays>0</NbOfDays>
					</Dt>
					<Amt Ccy="USD">199.79</Amt>
					<CdtDbtInd>DBIT</CdtDbtInd>
				</Avlbty>
				<BkTxCd>
					<Domn>
						<Cd>PMNT</Cd>
						<Fmly>
							<Cd>ICHQ</Cd>
							<SubFmlyCd>CCHQ</SubFmlyCd>
						</Fmly>
					</Domn>
					<Prtry>
						<Cd>475</Cd>
						<Issr>BAI</Issr>
					</Prtry>
				</BkTxCd>
				<AmtDtls>
					<TxAmt>
						<Amt Ccy="USD">199.79</Amt>
					</TxAmt>
				</AmtDtls>
				<NtryDtls>
					<TxDtls>
						<Refs>
							<AcctSvcrRef>2670748749</AcctSvcrRef>
							<EndToEndId>553332</EndToEndId>
							<ChqNb>0000000553332</ChqNb>
						</Refs>
						<AmtDtls>
							<TxAmt>
								<Amt Ccy="USD">199.79</Amt>
							</TxAmt>
						</AmtDtls>
						<Avlbty>
							<Dt>
								<NbOfDays>0</NbOfDays>
							</Dt>
							<Amt Ccy="USD">199.79</Amt>
							<CdtDbtInd>DBIT</CdtDbtInd>
						</Avlbty>
					</TxDtls>
				</NtryDtls>
			</Ntry>
			<Ntry>
				<NtryRef>324943142562</NtryRef>
				<Amt Ccy="USD">135.95</Amt>
				<CdtDbtInd>DBIT</CdtDbtInd>
				<Sts>BOOK</Sts>
				<BookgDt>
					<Dt>2021-08-24</Dt>
				</BookgDt>
				<ValDt>
					<Dt>2021-08-24</Dt>
				</ValDt>
				<AcctSvcrRef>9570305760</AcctSvcrRef>
				<Avlbty>
					<Dt>
						<NbOfDays>0</NbOfDays>
					</Dt>
					<Amt Ccy="USD">135.95</Amt>
					<CdtDbtInd>DBIT</CdtDbtInd>
				</Avlbty>
				<BkTxCd>
					<Domn>
						<Cd>PMNT</Cd>
						<Fmly>
							<Cd>ICHQ</Cd>
							<SubFmlyCd>CCHQ</SubFmlyCd>
						</Fmly>
					</Domn>
					<Prtry>
						<Cd>475</Cd>
						<Issr>BAI</Issr>
					</Prtry>
				</BkTxCd>
				<AmtDtls>
					<TxAmt>
						<Amt Ccy="USD">135.95</Amt>
					</TxAmt>
				</AmtDtls>
				<NtryDtls>
					<TxDtls>
						<Refs>
							<AcctSvcrRef>9570305760</AcctSvcrRef>
							<EndToEndId>553339</EndToEndId>
							<ChqNb>0000000553339</ChqNb>
						</Refs>
						<AmtDtls>
							<TxAmt>
								<Amt Ccy="USD">135.95</Amt>
							</TxAmt>
						</AmtDtls>
						<Avlbty>
							<Dt>
								<NbOfDays>0</NbOfDays>
							</Dt>
							<Amt Ccy="USD">135.95</Amt>
							<CdtDbtInd>DBIT</CdtDbtInd>
						</Avlbty>
					</TxDtls>
				</NtryDtls>
			</Ntry>
			<Ntry>
				<NtryRef>324943142561</NtryRef>
				<Amt Ccy="USD">130.50</Amt>
				<CdtDbtInd>DBIT</CdtDbtInd>
				<Sts>BOOK</Sts>
				<BookgDt>
					<Dt>2021-08-24</Dt>
				</BookgDt>
				<ValDt>
					<Dt>2021-08-24</Dt>
				</ValDt>
				<AcctSvcrRef>4180507349</AcctSvcrRef>
				<Avlbty>
					<Dt>
						<NbOfDays>0</NbOfDays>
					</Dt>
					<Amt Ccy="USD">130.50</Amt>
					<CdtDbtInd>DBIT</CdtDbtInd>
				</Avlbty>
				<BkTxCd>
					<Domn>
						<Cd>PMNT</Cd>
						<Fmly>
							<Cd>ICHQ</Cd>
							<SubFmlyCd>CCHQ</SubFmlyCd>
						</Fmly>
					</Domn>
					<Prtry>
						<Cd>475</Cd>
						<Issr>BAI</Issr>
					</Prtry>
				</BkTxCd>
				<AmtDtls>
					<TxAmt>
						<Amt Ccy="USD">130.50</Amt>
					</TxAmt>
				</AmtDtls>
				<NtryDtls>
					<TxDtls>
						<Refs>
							<AcctSvcrRef>4180507349</AcctSvcrRef>
							<EndToEndId>553324</EndToEndId>
							<ChqNb>0000000553324</ChqNb>
						</Refs>
						<AmtDtls>
							<TxAmt>
								<Amt Ccy="USD">130.50</Amt>
							</TxAmt>
						</AmtDtls>
						<Avlbty>
							<Dt>
								<NbOfDays>0</NbOfDays>
							</Dt>
							<Amt Ccy="USD">130.50</Amt>
							<CdtDbtInd>DBIT</CdtDbtInd>
						</Avlbty>
					</TxDtls>
				</NtryDtls>
			</Ntry>
			<Ntry>
				<NtryRef>324943142560</NtryRef>
				<Amt Ccy="USD">116.28</Amt>
				<CdtDbtInd>DBIT</CdtDbtInd>
				<Sts>BOOK</Sts>
				<BookgDt>
					<Dt>2021-08-24</Dt>
				</BookgDt>
				<ValDt>
					<Dt>2021-08-24</Dt>
				</ValDt>
				<AcctSvcrRef>8670684961</AcctSvcrRef>
				<Avlbty>
					<Dt>
						<NbOfDays>0</NbOfDays>
					</Dt>
					<Amt Ccy="USD">116.28</Amt>
					<CdtDbtInd>DBIT</CdtDbtInd>
				</Avlbty>
				<BkTxCd>
					<Domn>
						<Cd>PMNT</Cd>
						<Fmly>
							<Cd>ICHQ</Cd>
							<SubFmlyCd>CCHQ</SubFmlyCd>
						</Fmly>
					</Domn>
					<Prtry>
						<Cd>475</Cd>
						<Issr>BAI</Issr>
					</Prtry>
				</BkTxCd>
				<AmtDtls>
					<TxAmt>
						<Amt Ccy="USD">116.28</Amt>
					</TxAmt>
				</AmtDtls>
				<NtryDtls>
					<TxDtls>
						<Refs>
							<AcctSvcrRef>8670684961</AcctSvcrRef>
							<EndToEndId>553346</EndToEndId>
							<ChqNb>0000000553346</ChqNb>
						</Refs>
						<AmtDtls>
							<TxAmt>
								<Amt Ccy="USD">116.28</Amt>
							</TxAmt>
						</AmtDtls>
						<Avlbty>
							<Dt>
								<NbOfDays>0</NbOfDays>
							</Dt>
							<Amt Ccy="USD">116.28</Amt>
							<CdtDbtInd>DBIT</CdtDbtInd>
						</Avlbty>
					</TxDtls>
				</NtryDtls>
			</Ntry>
			<Ntry>
				<NtryRef>324943142559</NtryRef>
				<Amt Ccy="USD">68.92</Amt>
				<CdtDbtInd>DBIT</CdtDbtInd>
				<Sts>BOOK</Sts>
				<BookgDt>
					<Dt>2021-08-24</Dt>
				</BookgDt>
				<ValDt>
					<Dt>2021-08-24</Dt>
				</ValDt>
				<AcctSvcrRef>2670971234</AcctSvcrRef>
				<Avlbty>
					<Dt>
						<NbOfDays>0</NbOfDays>
					</Dt>
					<Amt Ccy="USD">68.92</Amt>
					<CdtDbtInd>DBIT</CdtDbtInd>
				</Avlbty>
				<BkTxCd>
					<Domn>
						<Cd>PMNT</Cd>
						<Fmly>
							<Cd>ICHQ</Cd>
							<SubFmlyCd>CCHQ</SubFmlyCd>
						</Fmly>
					</Domn>
					<Prtry>
						<Cd>475</Cd>
						<Issr>BAI</Issr>
					</Prtry>
				</BkTxCd>
				<AmtDtls>
					<TxAmt>
						<Amt Ccy="USD">68.92</Amt>
					</TxAmt>
				</AmtDtls>
				<NtryDtls>
					<TxDtls>
						<Refs>
							<AcctSvcrRef>2670971234</AcctSvcrRef>
							<EndToEndId>553353</EndToEndId>
							<ChqNb>0000000553353</ChqNb>
						</Refs>
						<AmtDtls>
							<TxAmt>
								<Amt Ccy="USD">68.92</Amt>
							</TxAmt>
						</AmtDtls>
						<Avlbty>
							<Dt>
								<NbOfDays>0</NbOfDays>
							</Dt>
							<Amt Ccy="USD">68.92</Amt>
							<CdtDbtInd>DBIT</CdtDbtInd>
						</Avlbty>
					</TxDtls>
				</NtryDtls>
			</Ntry>
			<Ntry>
				<NtryRef>324943142558</NtryRef>
				<Amt Ccy="USD">2.69</Amt>
				<CdtDbtInd>DBIT</CdtDbtInd>
				<Sts>BOOK</Sts>
				<BookgDt>
					<Dt>2021-08-24</Dt>
				</BookgDt>
				<ValDt>
					<Dt>2021-08-24</Dt>
				</ValDt>
				<AcctSvcrRef>2670881224</AcctSvcrRef>
				<Avlbty>
					<Dt>
						<NbOfDays>0</NbOfDays>
					</Dt>
					<Amt Ccy="USD">2.69</Amt>
					<CdtDbtInd>DBIT</CdtDbtInd>
				</Avlbty>
				<BkTxCd>
					<Domn>
						<Cd>PMNT</Cd>
						<Fmly>
							<Cd>ICHQ</Cd>
							<SubFmlyCd>CCHQ</SubFmlyCd>
						</Fmly>
					</Domn>
					<Prtry>
						<Cd>475</Cd>
						<Issr>BAI</Issr>
					</Prtry>
				</BkTxCd>
				<AmtDtls>
					<TxAmt>
						<Amt Ccy="USD">2.69</Amt>
					</TxAmt>
				</AmtDtls>
				<NtryDtls>
					<TxDtls>
						<Refs>
							<AcctSvcrRef>2670881224</AcctSvcrRef>
							<EndToEndId>553342</EndToEndId>
							<ChqNb>0000000553342</ChqNb>
						</Refs>
						<AmtDtls>
							<TxAmt>
								<Amt Ccy="USD">2.69</Amt>
							</TxAmt>
						</AmtDtls>
						<Avlbty>
							<Dt>
								<NbOfDays>0</NbOfDays>
							</Dt>
							<Amt Ccy="USD">2.69</Amt>
							<CdtDbtInd>DBIT</CdtDbtInd>
						</Avlbty>
					</TxDtls>
				</NtryDtls>
			</Ntry>
		</Stmt>
		<Stmt>
			<Id>2021-08-31T09:24:00000000921259974</Id>
			<ElctrncSeqNb>0</ElctrncSeqNb>
			<CreDtTm>2021-08-31T13:24:00.0Z</CreDtTm>
			<Acct>
				<Id>
					<Othr>
						<Id>000000921259974</Id>
					</Othr>
				</Id>
				<Ccy>USD</Ccy>
				<Nm>FRESEN KABI USA LLC</Nm>
				<Svcr>
					<FinInstnId>
						<ClrSysMmbId>
							<ClrSysId>
								<Cd>USABA</Cd>
							</ClrSysId>
							<MmbId>071000013</MmbId>
						</ClrSysMmbId>
						<Nm>JPMorgan Chase Bank, N.A. (IL)</Nm>
					</FinInstnId>
				</Svcr>
			</Acct>
			<Bal>
				<Tp>
					<CdOrPrtry>
						<Cd>OPBD</Cd>
					</CdOrPrtry>
				</Tp>
				<Amt Ccy="USD">0.00</Amt>
				<CdtDbtInd>CRDT</CdtDbtInd>
				<Dt>
					<Dt>2021-08-24</Dt>
				</Dt>
			</Bal>
			<Bal>
				<Tp>
					<CdOrPrtry>
						<Cd>CLBD</Cd>
					</CdOrPrtry>
				</Tp>
				<Amt Ccy="USD">0.00</Amt>
				<CdtDbtInd>CRDT</CdtDbtInd>
				<Dt>
					<Dt>2021-08-24</Dt>
				</Dt>
			</Bal>
			<Bal>
				<Tp>
					<CdOrPrtry>
						<Cd>OPAV</Cd>
					</CdOrPrtry>
				</Tp>
				<Amt Ccy="USD">0.00</Amt>
				<CdtDbtInd>CRDT</CdtDbtInd>
				<Dt>
					<Dt>2021-08-24</Dt>
				</Dt>
			</Bal>
			<Bal>
				<Tp>
					<CdOrPrtry>
						<Cd>FWAV</Cd>
					</CdOrPrtry>
				</Tp>
				<Amt Ccy="USD">0.00</Amt>
				<CdtDbtInd>CRDT</CdtDbtInd>
				<Dt>
					<Dt>2021-08-25</Dt>
				</Dt>
			</Bal>
			<Bal>
				<Tp>
					<CdOrPrtry>
						<Cd>CLAV</Cd>
					</CdOrPrtry>
				</Tp>
				<Amt Ccy="USD">0.00</Amt>
				<CdtDbtInd>CRDT</CdtDbtInd>
				<Dt>
					<Dt>2021-08-24</Dt>
				</Dt>
			</Bal>
			<TxsSummry>
				<TtlNtries>
					<NbOfNtries>0</NbOfNtries>
					<Sum>0.00</Sum>
					<TtlNetNtryAmt>0.00</TtlNetNtryAmt>
					<CdtDbtInd>CRDT</CdtDbtInd>
				</TtlNtries>
				<TtlCdtNtries>
					<NbOfNtries>0</NbOfNtries>
					<Sum>0.00</Sum>
				</TtlCdtNtries>
				<TtlDbtNtries>
					<NbOfNtries>0</NbOfNtries>
					<Sum>0.00</Sum>
				</TtlDbtNtries>
			</TxsSummry>
			<Ntry>
				<NtryRef>324943265101</NtryRef>
				<Amt Ccy="USD">44777.86</Amt>
				<CdtDbtInd>CRDT</CdtDbtInd>
				<Sts>BOOK</Sts>
				<BookgDt>
					<Dt>2021-08-24</Dt>
				</BookgDt>
				<ValDt>
					<Dt>2021-08-24</Dt>
				</ValDt>
				<AcctSvcrRef>0073000300XF</AcctSvcrRef>
				<Avlbty>
					<Dt>
						<NbOfDays>0</NbOfDays>
					</Dt>
					<Amt Ccy="USD">44777.86</Amt>
					<CdtDbtInd>CRDT</CdtDbtInd>
				</Avlbty>
				<BkTxCd>
					<Domn>
						<Cd>CAMT</Cd>
						<Fmly>
							<Cd>ACCB</Cd>
							<SubFmlyCd>ZABA</SubFmlyCd>
						</Fmly>
					</Domn>
					<Prtry>
						<Cd>275</Cd>
						<Issr>BAI</Issr>
					</Prtry>
				</BkTxCd>
				<AmtDtls>
					<TxAmt>
						<Amt Ccy="USD">44777.86</Amt>
					</TxAmt>
				</AmtDtls>
				<NtryDtls>
					<TxDtls>
						<Refs>
							<AcctSvcrRef>0073000300XF</AcctSvcrRef>
							<EndToEndId>352818170</EndToEndId>
						</Refs>
						<AmtDtls>
							<TxAmt>
								<Amt Ccy="USD">44777.86</Amt>
							</TxAmt>
						</AmtDtls>
						<Avlbty>
							<Dt>
								<NbOfDays>0</NbOfDays>
							</Dt>
							<Amt Ccy="USD">44777.86</Amt>
							<CdtDbtInd>CRDT</CdtDbtInd>
						</Avlbty>
						<RmtInf>
							<Ustrd>REMARK=CASH CONCENTRATION TRANSFER CREDIT FROM ACCOUNT 000000352818170 TRN: 0073000300XF</Ustrd>
						</RmtInf>
					</TxDtls>
				</NtryDtls>
			</Ntry>
			<Ntry>
				<NtryRef>324943265102</NtryRef>
				<Amt Ccy="USD">44777.86</Amt>
				<CdtDbtInd>DBIT</CdtDbtInd>
				<Sts>BOOK</Sts>
				<BookgDt>
					<Dt>2021-08-24</Dt>
				</BookgDt>
				<ValDt>
					<Dt>2021-08-24</Dt>
				</ValDt>
				<AcctSvcrRef>2356212655TC</AcctSvcrRef>
				<Avlbty>
					<Dt>
						<NbOfDays>0</NbOfDays>
					</Dt>
					<Amt Ccy="USD">44777.86</Amt>
					<CdtDbtInd>DBIT</CdtDbtInd>
				</Avlbty>
				<BkTxCd>
					<Domn>
						<Cd>PMNT</Cd>
						<Fmly>
							<Cd>ICDT</Cd>
							<SubFmlyCd>ASET</SubFmlyCd>
						</Fmly>
					</Domn>
					<Prtry>
						<Cd>466</Cd>
						<Issr>BAI</Issr>
					</Prtry>
				</BkTxCd>
				<AmtDtls>
					<TxAmt>
						<Amt Ccy="USD">44777.86</Amt>
					</TxAmt>
				</AmtDtls>
				<NtryDtls>
					<TxDtls>
						<Refs>
							<AcctSvcrRef>2356212655TC</AcctSvcrRef>
							<EndToEndId>2300431736</EndToEndId>
							<TxId>021000026212655</TxId>
							<Prtry>
								<Tp>ENTRY CLASS</Tp>
								<Ref>CCD</Ref>
							</Prtry>
						</Refs>
						<AmtDtls>
							<TxAmt>
								<Amt Ccy="USD">44777.86</Amt>
							</TxAmt>
						</AmtDtls>
						<Avlbty>
							<Dt>
								<NbOfDays>0</NbOfDays>
							</Dt>
							<Amt Ccy="USD">44777.86</Amt>
							<CdtDbtInd>DBIT</CdtDbtInd>
						</Avlbty>
						<RltdPties>
							<Cdtr>
								<Nm>FRESENIUS KABI U</Nm>
								<Id>
									<OrgId>
										<Othr>
											<Id>2300431736</Id>
										</Othr>
									</OrgId>
								</Id>
							</Cdtr>
						</RltdPties>
						<RltdAgts>
							<CdtrAgt>
								<FinInstnId>
									<Nm>JPMorgan Chase Bank, N.A. (NY)</Nm>
								</FinInstnId>
							</CdtrAgt>
						</RltdAgts>
						<Purp>
							<Prtry>PAYMENTS</Prtry>
						</Purp>
						<RmtInf>
							<Ustrd>COMPANY DATA=210823 FYLANO;DESC DATE=OFFSET;ENTRY DATE=210824;IND NAME=EFT FILE NAME: FYLANO;REMARK=EFT/ACH CREATED OFFSET FOR ORIGIN#:13004</Ustrd>
							<Ustrd>31736 CO EFF DATE: 21/08/24</Ustrd>
						</RmtInf>
					</TxDtls>
				</NtryDtls>
				<AddtlNtryInf>EFT FILE NAME: FYLANO</AddtlNtryInf>
			</Ntry>
		</Stmt>
		<Stmt>
			<Id>2021-08-31T09:24:00000000921259990</Id>
			<ElctrncSeqNb>0</ElctrncSeqNb>
			<CreDtTm>2021-08-31T13:24:00.0Z</CreDtTm>
			<Acct>
				<Id>
					<Othr>
						<Id>000000921259990</Id>
					</Othr>
				</Id>
				<Ccy>USD</Ccy>
				<Nm>FRESEN KABI USA LLC</Nm>
				<Svcr>
					<FinInstnId>
						<ClrSysMmbId>
							<ClrSysId>
								<Cd>USABA</Cd>
							</ClrSysId>
							<MmbId>071000013</MmbId>
						</ClrSysMmbId>
						<Nm>JPMorgan Chase Bank, N.A. (IL)</Nm>
					</FinInstnId>
				</Svcr>
			</Acct>
			<Bal>
				<Tp>
					<CdOrPrtry>
						<Cd>OPBD</Cd>
					</CdOrPrtry>
				</Tp>
				<Amt Ccy="USD">0.00</Amt>
				<CdtDbtInd>CRDT</CdtDbtInd>
				<Dt>
					<Dt>2021-08-24</Dt>
				</Dt>
			</Bal>
			<Bal>
				<Tp>
					<CdOrPrtry>
						<Cd>CLBD</Cd>
					</CdOrPrtry>
				</Tp>
				<Amt Ccy="USD">0.00</Amt>
				<CdtDbtInd>CRDT</CdtDbtInd>
				<Dt>
					<Dt>2021-08-24</Dt>
				</Dt>
			</Bal>
			<Bal>
				<Tp>
					<CdOrPrtry>
						<Cd>OPAV</Cd>
					</CdOrPrtry>
				</Tp>
				<Amt Ccy="USD">0.00</Amt>
				<CdtDbtInd>CRDT</CdtDbtInd>
				<Dt>
					<Dt>2021-08-24</Dt>
				</Dt>
			</Bal>
			<Bal>
				<Tp>
					<CdOrPrtry>
						<Cd>FWAV</Cd>
					</CdOrPrtry>
				</Tp>
				<Amt Ccy="USD">0.00</Amt>
				<CdtDbtInd>CRDT</CdtDbtInd>
				<Dt>
					<Dt>2021-08-25</Dt>
				</Dt>
			</Bal>
			<Bal>
				<Tp>
					<CdOrPrtry>
						<Cd>CLAV</Cd>
					</CdOrPrtry>
				</Tp>
				<Amt Ccy="USD">0.00</Amt>
				<CdtDbtInd>CRDT</CdtDbtInd>
				<Dt>
					<Dt>2021-08-24</Dt>
				</Dt>
			</Bal>
			<TxsSummry>
				<TtlNtries>
					<NbOfNtries>0</NbOfNtries>
					<Sum>0.00</Sum>
					<TtlNetNtryAmt>0.00</TtlNetNtryAmt>
					<CdtDbtInd>CRDT</CdtDbtInd>
				</TtlNtries>
				<TtlCdtNtries>
					<NbOfNtries>0</NbOfNtries>
					<Sum>0.00</Sum>
				</TtlCdtNtries>
				<TtlDbtNtries>
					<NbOfNtries>0</NbOfNtries>
					<Sum>0.00</Sum>
				</TtlDbtNtries>
			</TxsSummry>
			<Ntry>
				<NtryRef>324943367861</NtryRef>
				<Amt Ccy="USD">457.04</Amt>
				<CdtDbtInd>CRDT</CdtDbtInd>
				<Sts>BOOK</Sts>
				<BookgDt>
					<Dt>2021-08-24</Dt>
				</BookgDt>
				<ValDt>
					<Dt>2021-08-24</Dt>
				</ValDt>
				<AcctSvcrRef>2365744677TC</AcctSvcrRef>
				<Avlbty>
					<Dt>
						<NbOfDays>0</NbOfDays>
					</Dt>
					<Amt Ccy="USD">457.04</Amt>
					<CdtDbtInd>CRDT</CdtDbtInd>
				</Avlbty>
				<BkTxCd>
					<Domn>
						<Cd>PMNT</Cd>
						<Fmly>
							<Cd>RCDT</Cd>
							<SubFmlyCd>ACDT</SubFmlyCd>
						</Fmly>
					</Domn>
					<Prtry>
						<Cd>165</Cd>
						<Issr>BAI</Issr>
					</Prtry>
				</BkTxCd>
				<AmtDtls>
					<TxAmt>
						<Amt Ccy="USD">457.04</Amt>
					</TxAmt>
				</AmtDtls>
				<NtryDtls>
					<TxDtls>
						<Refs>
							<AcctSvcrRef>2365744677TC</AcctSvcrRef>
							<EndToEndId>CER000169532711</EndToEndId>
							<TxId>043301605744677</TxId>
							<Prtry>
								<Tp>ENTRY CLASS</Tp>
								<Ref>CCD</Ref>
							</Prtry>
						</Refs>
						<AmtDtls>
							<TxAmt>
								<Amt Ccy="USD">457.04</Amt>
							</TxAmt>
						</AmtDtls>
						<Avlbty>
							<Dt>
								<NbOfDays>0</NbOfDays>
							</Dt>
							<Amt Ccy="USD">457.04</Amt>
							<CdtDbtInd>CRDT</CdtDbtInd>
						</Avlbty>
						<RltdPties>
							<Dbtr>
								<Nm>Fresenius Kabi U</Nm>
								<Id>
									<OrgId>
										<Othr>
											<Id>1300431740</Id>
										</Othr>
									</OrgId>
								</Id>
							</Dbtr>
							<Cdtr>
								<Nm>Fresenius Kabi USA, LL</Nm>
							</Cdtr>
						</RltdPties>
						<RltdAgts>
							<DbtrAgt>
								<FinInstnId>
									<Nm>04330160</Nm>
								</FinInstnId>
							</DbtrAgt>
						</RltdAgts>
						<Purp>
							<Prtry>Refunds</Prtry>
						</Purp>
						<RmtInf>
							<Ustrd>COMPANY DATA=9152229 1682 001;DESC DATE=000101;ENTRY DATE=210824;IND NAME=Fresenius Kabi USA, LL</Ustrd>
						</RmtInf>
					</TxDtls>
				</NtryDtls>
			</Ntry>
			<Ntry>
				<NtryRef>324943367860</NtryRef>
				<Amt Ccy="USD">23229.47</Amt>
				<CdtDbtInd>CRDT</CdtDbtInd>
				<Sts>BOOK</Sts>
				<BookgDt>
					<Dt>2021-08-24</Dt>
				</BookgDt>
				<ValDt>
					<Dt>2021-08-24</Dt>
				</ValDt>
				<AcctSvcrRef>0073140300XF</AcctSvcrRef>
				<Avlbty>
					<Dt>
						<NbOfDays>0</NbOfDays>
					</Dt>
					<Amt Ccy="USD">23229.47</Amt>
					<CdtDbtInd>CRDT</CdtDbtInd>
				</Avlbty>
				<BkTxCd>
					<Domn>
						<Cd>CAMT</Cd>
						<Fmly>
							<Cd>ACCB</Cd>
							<SubFmlyCd>ZABA</SubFmlyCd>
						</Fmly>
					</Domn>
					<Prtry>
						<Cd>275</Cd>
						<Issr>BAI</Issr>
					</Prtry>
				</BkTxCd>
				<AmtDtls>
					<TxAmt>
						<Amt Ccy="USD">23229.47</Amt>
					</TxAmt>
				</AmtDtls>
				<NtryDtls>
					<TxDtls>
						<Refs>
							<AcctSvcrRef>0073140300XF</AcctSvcrRef>
							<EndToEndId>352818170</EndToEndId>
						</Refs>
						<AmtDtls>
							<TxAmt>
								<Amt Ccy="USD">23229.47</Amt>
							</TxAmt>
						</AmtDtls>
						<Avlbty>
							<Dt>
								<NbOfDays>0</NbOfDays>
							</Dt>
							<Amt Ccy="USD">23229.47</Amt>
							<CdtDbtInd>CRDT</CdtDbtInd>
						</Avlbty>
						<RmtInf>
							<Ustrd>REMARK=CASH CONCENTRATION TRANSFER CREDIT FROM ACCOUNT 000000352818170 TRN: 0073140300XF</Ustrd>
						</RmtInf>
					</TxDtls>
				</NtryDtls>
			</Ntry>
			<Ntry>
				<NtryRef>324943367862</NtryRef>
				<Amt Ccy="USD">23686.51</Amt>
				<CdtDbtInd>DBIT</CdtDbtInd>
				<Sts>BOOK</Sts>
				<BookgDt>
					<Dt>2021-08-24</Dt>
				</BookgDt>
				<ValDt>
					<Dt>2021-08-24</Dt>
				</ValDt>
				<AcctSvcrRef>2365995939TC</AcctSvcrRef>
				<Avlbty>
					<Dt>
						<NbOfDays>0</NbOfDays>
					</Dt>
					<Amt Ccy="USD">23686.51</Amt>
					<CdtDbtInd>DBIT</CdtDbtInd>
				</Avlbty>
				<BkTxCd>
					<Domn>
						<Cd>PMNT</Cd>
						<Fmly>
							<Cd>RDDT</Cd>
							<SubFmlyCd>ADBT</SubFmlyCd>
						</Fmly>
					</Domn>
					<Prtry>
						<Cd>455</Cd>
						<Issr>BAI</Issr>
					</Prtry>
				</BkTxCd>
				<AmtDtls>
					<TxAmt>
						<Amt Ccy="USD">23686.51</Amt>
					</TxAmt>
				</AmtDtls>
				<NtryDtls>
					<TxDtls>
						<Refs>
							<AcctSvcrRef>2365995939TC</AcctSvcrRef>
							<EndToEndId>INV2994130</EndToEndId>
							<TxId>122000495995939</TxId>
							<Prtry>
								<Tp>ENTRY CLASS</Tp>
								<Ref>CCD</Ref>
							</Prtry>
						</Refs>
						<AmtDtls>
							<TxAmt>
								<Amt Ccy="USD">23686.51</Amt>
							</TxAmt>
						</AmtDtls>
						<Avlbty>
							<Dt>
								<NbOfDays>0</NbOfDays>
							</Dt>
							<Amt Ccy="USD">23686.51</Amt>
							<CdtDbtInd>DBIT</CdtDbtInd>
						</Avlbty>
						<RltdPties>
							<Dbtr>
								<Nm>FRESENIUS KABI USA, LL</Nm>
							</Dbtr>
							<Cdtr>
								<Nm>WAGEWORKS FSA</Nm>
								<Id>
									<OrgId>
										<Othr>
											<Id>1943351864</Id>
										</Othr>
									</OrgId>
								</Id>
							</Cdtr>
						</RltdPties>
						<RltdAgts>
							<CdtrAgt>
								<FinInstnId>
									<Nm>UNION BANK</Nm>
								</FinInstnId>
							</CdtrAgt>
						</RltdAgts>
						<Purp>
							<Prtry>RECEIVABLE</Prtry>
						</Purp>
						<RmtInf>
							<Ustrd>COMPANY DATA=DYNAMICS EFT DEPOSIT;DESC DATE=210824;ENTRY DATE=210824;IND NAME=FRESENIUS KABI USA, LL</Ustrd>
						</RmtInf>
					</TxDtls>
				</NtryDtls>
			</Ntry>
		</Stmt>
	</BkToCstmrStmt>
</Document>
