<?xml version="1.0" encoding="UTF-8"?>
<Document xmlns="urn:iso:std:iso:20022:tech:xsd:camt.053.001.02" xmlns:xsi="http://www.w3.org/2001/XMLSchema-instance">
	<BkToCstmrStmt>
		<GrpHdr>
			<MsgId>NDM_200667122585052653.tmp</MsgId>
			<CreDtTm>2021-08-31T13:24:09.0Z</CreDtTm>
			<MsgRcpt>
				<Id>
					<OrgId>
						<Othr>
							<Id>16371113</Id>
						</Othr>
					</OrgId>
				</Id>
			</MsgRcpt>
			<AddtlInf>Report Map = PRIOR DAY BALTRAN CUMULATIVE</AddtlInf>
		</GrpHdr>
		<Stmt>
			<Id>2021-08-31T09:24:09000000352818170</Id>
			<ElctrncSeqNb>0</ElctrncSeqNb>
			<CreDtTm>2021-08-31T13:24:09.0Z</CreDtTm>
			<Acct>
				<Id>
					<Othr>
						<Id>000000352818170</Id>
					</Othr>
				</Id>
				<Ccy>USD</Ccy>
				<Nm>FRESEN KABI USA LLC</Nm>
				<Svcr>
					<FinInstnId>
						<ClrSysMmbId>
							<ClrSysId>
								<Cd>USABA</Cd>
							</ClrSysId>
							<MmbId>071000013</MmbId>
						</ClrSysMmbId>
						<Nm>JPMorgan Chase Bank, N.A. (IL)</Nm>
					</FinInstnId>
				</Svcr>
			</Acct>
			<Bal>
				<Tp>
					<CdOrPrtry>
						<Cd>OPBD</Cd>
					</CdOrPrtry>
				</Tp>
				<Amt Ccy="USD">0.00</Amt>
				<CdtDbtInd>CRDT</CdtDbtInd>
				<Dt>
					<Dt>2021-08-25</Dt>
				</Dt>
			</Bal>
			<Bal>
				<Tp>
					<CdOrPrtry>
						<Cd>CLBD</Cd>
					</CdOrPrtry>
				</Tp>
				<Amt Ccy="USD">0.00</Amt>
				<CdtDbtInd>CRDT</CdtDbtInd>
				<Dt>
					<Dt>2021-08-25</Dt>
				</Dt>
			</Bal>
			<Bal>
				<Tp>
					<CdOrPrtry>
						<Cd>OPAV</Cd>
					</CdOrPrtry>
				</Tp>
				<Amt Ccy="USD">0.00</Amt>
				<CdtDbtInd>CRDT</CdtDbtInd>
				<Dt>
					<Dt>2021-08-25</Dt>
				</Dt>
			</Bal>
			<Bal>
				<Tp>
					<CdOrPrtry>
						<Cd>FWAV</Cd>
					</CdOrPrtry>
				</Tp>
				<Amt Ccy="USD">0.00</Amt>
				<CdtDbtInd>CRDT</CdtDbtInd>
				<Dt>
					<Dt>2021-08-26</Dt>
				</Dt>
			</Bal>
			<Bal>
				<Tp>
					<CdOrPrtry>
						<Cd>CLAV</Cd>
					</CdOrPrtry>
				</Tp>
				<Amt Ccy="USD">0.00</Amt>
				<CdtDbtInd>CRDT</CdtDbtInd>
				<Dt>
					<Dt>2021-08-25</Dt>
				</Dt>
			</Bal>
			<TxsSummry>
				<TtlNtries>
					<NbOfNtries>0</NbOfNtries>
					<Sum>0.00</Sum>
					<TtlNetNtryAmt>0.00</TtlNetNtryAmt>
					<CdtDbtInd>CRDT</CdtDbtInd>
				</TtlNtries>
				<TtlCdtNtries>
					<NbOfNtries>0</NbOfNtries>
					<Sum>0.00</Sum>
				</TtlCdtNtries>
				<TtlDbtNtries>
					<NbOfNtries>0</NbOfNtries>
					<Sum>0.00</Sum>
				</TtlDbtNtries>
			</TxsSummry>
			<Ntry>
				<NtryRef>325087827984</NtryRef>
				<Amt Ccy="USD">5482029.39</Amt>
				<CdtDbtInd>CRDT</CdtDbtInd>
				<Sts>BOOK</Sts>
				<BookgDt>
					<Dt>2021-08-25</Dt>
				</BookgDt>
				<ValDt>
					<Dt>2021-08-25</Dt>
				</ValDt>
				<AcctSvcrRef>0073100300XF</AcctSvcrRef>
				<Avlbty>
					<Dt>
						<NbOfDays>0</NbOfDays>
					</Dt>
					<Amt Ccy="USD">5467270.39</Amt>
					<CdtDbtInd>CRDT</CdtDbtInd>
				</Avlbty>
				<Avlbty>
					<Dt>
						<NbOfDays>1</NbOfDays>
					</Dt>
					<Amt Ccy="USD">10906.00</Amt>
					<CdtDbtInd>CRDT</CdtDbtInd>
				</Avlbty>
				<Avlbty>
					<Dt>
						<NbOfDays>2</NbOfDays>
					</Dt>
					<Amt Ccy="USD">3853.00</Amt>
					<CdtDbtInd>CRDT</CdtDbtInd>
				</Avlbty>
				<BkTxCd>
					<Domn>
						<Cd>CAMT</Cd>
						<Fmly>
							<Cd>ACCB</Cd>
							<SubFmlyCd>ZABA</SubFmlyCd>
						</Fmly>
					</Domn>
					<Prtry>
						<Cd>275</Cd>
						<Issr>BAI</Issr>
					</Prtry>
				</BkTxCd>
				<AmtDtls>
					<TxAmt>
						<Amt Ccy="USD">5482029.39</Amt>
					</TxAmt>
				</AmtDtls>
				<NtryDtls>
					<TxDtls>
						<Refs>
							<AcctSvcrRef>0073100300XF</AcctSvcrRef>
							<EndToEndId>921260014</EndToEndId>
						</Refs>
						<AmtDtls>
							<TxAmt>
								<Amt Ccy="USD">5482029.39</Amt>
							</TxAmt>
						</AmtDtls>
						<Avlbty>
							<Dt>
								<NbOfDays>0</NbOfDays>
							</Dt>
							<Amt Ccy="USD">5467270.39</Amt>
							<CdtDbtInd>CRDT</CdtDbtInd>
						</Avlbty>
						<Avlbty>
							<Dt>
								<NbOfDays>1</NbOfDays>
							</Dt>
							<Amt Ccy="USD">10906.00</Amt>
							<CdtDbtInd>CRDT</CdtDbtInd>
						</Avlbty>
						<Avlbty>
							<Dt>
								<NbOfDays>2</NbOfDays>
							</Dt>
							<Amt Ccy="USD">3853.00</Amt>
							<CdtDbtInd>CRDT</CdtDbtInd>
						</Avlbty>
						<RmtInf>
							<Ustrd>REMARK=CASH CONCENTRATION TRANSFER CREDIT FROM ACCOUNT 000000921260014 TRN: 0073100300XF</Ustrd>
						</RmtInf>
					</TxDtls>
				</NtryDtls>
			</Ntry>
			<Ntry>
				<NtryRef>325087827983</NtryRef>
				<Amt Ccy="USD">4966346.56</Amt>
				<CdtDbtInd>DBIT</CdtDbtInd>
				<Sts>BOOK</Sts>
				<BookgDt>
					<Dt>2021-08-25</Dt>
				</BookgDt>
				<ValDt>
					<Dt>2021-08-25</Dt>
				</ValDt>
				<AcctSvcrRef>0074050300XF</AcctSvcrRef>
				<Avlbty>
					<Dt>
						<NbOfDays>0</NbOfDays>
					</Dt>
					<Amt Ccy="USD">4951587.56</Amt>
					<CdtDbtInd>DBIT</CdtDbtInd>
				</Avlbty>
				<Avlbty>
					<Dt>
						<NbOfDays>1</NbOfDays>
					</Dt>
					<Amt Ccy="USD">10906.00</Amt>
					<CdtDbtInd>DBIT</CdtDbtInd>
				</Avlbty>
				<Avlbty>
					<Dt>
						<NbOfDays>2</NbOfDays>
					</Dt>
					<Amt Ccy="USD">3853.00</Amt>
					<CdtDbtInd>DBIT</CdtDbtInd>
				</Avlbty>
				<BkTxCd>
					<Domn>
						<Cd>CAMT</Cd>
						<Fmly>
							<Cd>ACCB</Cd>
							<SubFmlyCd>ZABA</SubFmlyCd>
						</Fmly>
					</Domn>
					<Prtry>
						<Cd>575</Cd>
						<Issr>BAI</Issr>
					</Prtry>
				</BkTxCd>
				<AmtDtls>
					<TxAmt>
						<Amt Ccy="USD">4966346.56</Amt>
					</TxAmt>
				</AmtDtls>
				<NtryDtls>
					<TxDtls>
						<Refs>
							<AcctSvcrRef>0074050300XF</AcctSvcrRef>
							<EndToEndId>912292633</EndToEndId>
						</Refs>
						<AmtDtls>
							<TxAmt>
								<Amt Ccy="USD">4966346.56</Amt>
							</TxAmt>
						</AmtDtls>
						<Avlbty>
							<Dt>
								<NbOfDays>0</NbOfDays>
							</Dt>
							<Amt Ccy="USD">4951587.56</Amt>
							<CdtDbtInd>DBIT</CdtDbtInd>
						</Avlbty>
						<Avlbty>
							<Dt>
								<NbOfDays>1</NbOfDays>
							</Dt>
							<Amt Ccy="USD">10906.00</Amt>
							<CdtDbtInd>DBIT</CdtDbtInd>
						</Avlbty>
						<Avlbty>
							<Dt>
								<NbOfDays>2</NbOfDays>
							</Dt>
							<Amt Ccy="USD">3853.00</Amt>
							<CdtDbtInd>DBIT</CdtDbtInd>
						</Avlbty>
						<RmtInf>
							<Ustrd>REMARK=CASH CONCENTRATION TRANSFER DEBIT TO ACCOUNT 000000912292633 TRN: 0074050300XF</Ustrd>
						</RmtInf>
					</TxDtls>
				</NtryDtls>
			</Ntry>
			<Ntry>
				<NtryRef>325087827982</NtryRef>
				<Amt Ccy="USD">414810.98</Amt>
				<CdtDbtInd>DBIT</CdtDbtInd>
				<Sts>BOOK</Sts>
				<BookgDt>
					<Dt>2021-08-25</Dt>
				</BookgDt>
				<ValDt>
					<Dt>2021-08-25</Dt>
				</ValDt>
				<AcctSvcrRef>0072450300XF</AcctSvcrRef>
				<Avlbty>
					<Dt>
						<NbOfDays>0</NbOfDays>
					</Dt>
					<Amt Ccy="USD">414810.98</Amt>
					<CdtDbtInd>DBIT</CdtDbtInd>
				</Avlbty>
				<BkTxCd>
					<Domn>
						<Cd>CAMT</Cd>
						<Fmly>
							<Cd>ACCB</Cd>
							<SubFmlyCd>ZABA</SubFmlyCd>
						</Fmly>
					</Domn>
					<Prtry>
						<Cd>575</Cd>
						<Issr>BAI</Issr>
					</Prtry>
				</BkTxCd>
				<AmtDtls>
					<TxAmt>
						<Amt Ccy="USD">414810.98</Amt>
					</TxAmt>
				</AmtDtls>
				<NtryDtls>
					<TxDtls>
						<Refs>
							<AcctSvcrRef>0072450300XF</AcctSvcrRef>
							<EndToEndId>921259958</EndToEndId>
						</Refs>
						<AmtDtls>
							<TxAmt>
								<Amt Ccy="USD">414810.98</Amt>
							</TxAmt>
						</AmtDtls>
						<Avlbty>
							<Dt>
								<NbOfDays>0</NbOfDays>
							</Dt>
							<Amt Ccy="USD">414810.98</Amt>
							<CdtDbtInd>DBIT</CdtDbtInd>
						</Avlbty>
						<RmtInf>
							<Ustrd>REMARK=CASH CONCENTRATION TRANSFER DEBIT TO ACCOUNT 000000921259958 TRN: 0072450300XF</Ustrd>
						</RmtInf>
					</TxDtls>
				</NtryDtls>
			</Ntry>
			<Ntry>
				<NtryRef>325087827981</NtryRef>
				<Amt Ccy="USD">57509.68</Amt>
				<CdtDbtInd>DBIT</CdtDbtInd>
				<Sts>BOOK</Sts>
				<BookgDt>
					<Dt>2021-08-25</Dt>
				</BookgDt>
				<ValDt>
					<Dt>2021-08-25</Dt>
				</ValDt>
				<AcctSvcrRef>0072950300XF</AcctSvcrRef>
				<Avlbty>
					<Dt>
						<NbOfDays>0</NbOfDays>
					</Dt>
					<Amt Ccy="USD">57509.68</Amt>
					<CdtDbtInd>DBIT</CdtDbtInd>
				</Avlbty>
				<BkTxCd>
					<Domn>
						<Cd>CAMT</Cd>
						<Fmly>
							<Cd>ACCB</Cd>
							<SubFmlyCd>ZABA</SubFmlyCd>
						</Fmly>
					</Domn>
					<Prtry>
						<Cd>575</Cd>
						<Issr>BAI</Issr>
					</Prtry>
				</BkTxCd>
				<AmtDtls>
					<TxAmt>
						<Amt Ccy="USD">57509.68</Amt>
					</TxAmt>
				</AmtDtls>
				<NtryDtls>
					<TxDtls>
						<Refs>
							<AcctSvcrRef>0072950300XF</AcctSvcrRef>
							<EndToEndId>921259990</EndToEndId>
						</Refs>
						<AmtDtls>
							<TxAmt>
								<Amt Ccy="USD">57509.68</Amt>
							</TxAmt>
						</AmtDtls>
						<Avlbty>
							<Dt>
								<NbOfDays>0</NbOfDays>
							</Dt>
							<Amt Ccy="USD">57509.68</Amt>
							<CdtDbtInd>DBIT</CdtDbtInd>
						</Avlbty>
						<RmtInf>
							<Ustrd>REMARK=CASH CONCENTRATION TRANSFER DEBIT TO ACCOUNT 000000921259990 TRN: 0072950300XF</Ustrd>
						</RmtInf>
					</TxDtls>
				</NtryDtls>
			</Ntry>
			<Ntry>
				<NtryRef>325087827980</NtryRef>
				<Amt Ccy="USD">43362.17</Amt>
				<CdtDbtInd>DBIT</CdtDbtInd>
				<Sts>BOOK</Sts>
				<BookgDt>
					<Dt>2021-08-25</Dt>
				</BookgDt>
				<ValDt>
					<Dt>2021-08-25</Dt>
				</ValDt>
				<AcctSvcrRef>0072810300XF</AcctSvcrRef>
				<Avlbty>
					<Dt>
						<NbOfDays>0</NbOfDays>
					</Dt>
					<Amt Ccy="USD">43362.17</Amt>
					<CdtDbtInd>DBIT</CdtDbtInd>
				</Avlbty>
				<BkTxCd>
					<Domn>
						<Cd>CAMT</Cd>
						<Fmly>
							<Cd>ACCB</Cd>
							<SubFmlyCd>ZABA</SubFmlyCd>
						</Fmly>
					</Domn>
					<Prtry>
						<Cd>575</Cd>
						<Issr>BAI</Issr>
					</Prtry>
				</BkTxCd>
				<AmtDtls>
					<TxAmt>
						<Amt Ccy="USD">43362.17</Amt>
					</TxAmt>
				</AmtDtls>
				<NtryDtls>
					<TxDtls>
						<Refs>
							<AcctSvcrRef>0072810300XF</AcctSvcrRef>
							<EndToEndId>921259974</EndToEndId>
						</Refs>
						<AmtDtls>
							<TxAmt>
								<Amt Ccy="USD">43362.17</Amt>
							</TxAmt>
						</AmtDtls>
						<Avlbty>
							<Dt>
								<NbOfDays>0</NbOfDays>
							</Dt>
							<Amt Ccy="USD">43362.17</Amt>
							<CdtDbtInd>DBIT</CdtDbtInd>
						</Avlbty>
						<RmtInf>
							<Ustrd>REMARK=CASH CONCENTRATION TRANSFER DEBIT TO ACCOUNT 000000921259974 TRN: 0072810300XF</Ustrd>
						</RmtInf>
					</TxDtls>
				</NtryDtls>
			</Ntry>
		</Stmt>
		<Stmt>
			<Id>2021-08-31T09:24:09000000826205531</Id>
			<ElctrncSeqNb>0</ElctrncSeqNb>
			<CreDtTm>2021-08-31T13:24:09.0Z</CreDtTm>
			<Acct>
				<Id>
					<Othr>
						<Id>000000826205531</Id>
					</Othr>
				</Id>
				<Ccy>USD</Ccy>
				<Nm>Fresen Kabi Comp LLC</Nm>
				<Svcr>
					<FinInstnId>
						<ClrSysMmbId>
							<ClrSysId>
								<Cd>USABA</Cd>
							</ClrSysId>
							<MmbId>071000013</MmbId>
						</ClrSysMmbId>
						<Nm>JPMorgan Chase Bank, N.A. (IL)</Nm>
					</FinInstnId>
				</Svcr>
			</Acct>
			<Bal>
				<Tp>
					<CdOrPrtry>
						<Cd>OPBD</Cd>
					</CdOrPrtry>
				</Tp>
				<Amt Ccy="USD">0.00</Amt>
				<CdtDbtInd>CRDT</CdtDbtInd>
				<Dt>
					<Dt>2021-08-25</Dt>
				</Dt>
			</Bal>
			<Bal>
				<Tp>
					<CdOrPrtry>
						<Cd>CLBD</Cd>
					</CdOrPrtry>
				</Tp>
				<Amt Ccy="USD">0.00</Amt>
				<CdtDbtInd>CRDT</CdtDbtInd>
				<Dt>
					<Dt>2021-08-25</Dt>
				</Dt>
			</Bal>
			<Bal>
				<Tp>
					<CdOrPrtry>
						<Cd>OPAV</Cd>
					</CdOrPrtry>
				</Tp>
				<Amt Ccy="USD">0.00</Amt>
				<CdtDbtInd>CRDT</CdtDbtInd>
				<Dt>
					<Dt>2021-08-25</Dt>
				</Dt>
			</Bal>
			<Bal>
				<Tp>
					<CdOrPrtry>
						<Cd>FWAV</Cd>
					</CdOrPrtry>
				</Tp>
				<Amt Ccy="USD">0.00</Amt>
				<CdtDbtInd>CRDT</CdtDbtInd>
				<Dt>
					<Dt>2021-08-26</Dt>
				</Dt>
			</Bal>
			<Bal>
				<Tp>
					<CdOrPrtry>
						<Cd>CLAV</Cd>
					</CdOrPrtry>
				</Tp>
				<Amt Ccy="USD">0.00</Amt>
				<CdtDbtInd>CRDT</CdtDbtInd>
				<Dt>
					<Dt>2021-08-25</Dt>
				</Dt>
			</Bal>
			<TxsSummry>
				<TtlNtries>
					<NbOfNtries>0</NbOfNtries>
					<Sum>0.00</Sum>
					<TtlNetNtryAmt>0.00</TtlNetNtryAmt>
					<CdtDbtInd>CRDT</CdtDbtInd>
				</TtlNtries>
				<TtlCdtNtries>
					<NbOfNtries>0</NbOfNtries>
					<Sum>0.00</Sum>
				</TtlCdtNtries>
				<TtlDbtNtries>
					<NbOfNtries>0</NbOfNtries>
					<Sum>0.00</Sum>
				</TtlDbtNtries>
			</TxsSummry>
		</Stmt>
		<Stmt>
			<Id>2021-08-31T09:24:09000000826205549</Id>
			<ElctrncSeqNb>0</ElctrncSeqNb>
			<CreDtTm>2021-08-31T13:24:09.0Z</CreDtTm>
			<Acct>
				<Id>
					<Othr>
						<Id>000000826205549</Id>
					</Othr>
				</Id>
				<Ccy>USD</Ccy>
				<Nm>Fresen Kabi Comp LLC</Nm>
				<Svcr>
					<FinInstnId>
						<ClrSysMmbId>
							<ClrSysId>
								<Cd>USABA</Cd>
							</ClrSysId>
							<MmbId>071000013</MmbId>
						</ClrSysMmbId>
						<Nm>JPMorgan Chase Bank, N.A. (IL)</Nm>
					</FinInstnId>
				</Svcr>
			</Acct>
			<Bal>
				<Tp>
					<CdOrPrtry>
						<Cd>OPBD</Cd>
					</CdOrPrtry>
				</Tp>
				<Amt Ccy="USD">0.00</Amt>
				<CdtDbtInd>CRDT</CdtDbtInd>
				<Dt>
					<Dt>2021-08-25</Dt>
				</Dt>
			</Bal>
			<Bal>
				<Tp>
					<CdOrPrtry>
						<Cd>CLBD</Cd>
					</CdOrPrtry>
				</Tp>
				<Amt Ccy="USD">0.00</Amt>
				<CdtDbtInd>CRDT</CdtDbtInd>
				<Dt>
					<Dt>2021-08-25</Dt>
				</Dt>
			</Bal>
			<Bal>
				<Tp>
					<CdOrPrtry>
						<Cd>OPAV</Cd>
					</CdOrPrtry>
				</Tp>
				<Amt Ccy="USD">0.00</Amt>
				<CdtDbtInd>CRDT</CdtDbtInd>
				<Dt>
					<Dt>2021-08-25</Dt>
				</Dt>
			</Bal>
			<Bal>
				<Tp>
					<CdOrPrtry>
						<Cd>FWAV</Cd>
					</CdOrPrtry>
				</Tp>
				<Amt Ccy="USD">0.00</Amt>
				<CdtDbtInd>CRDT</CdtDbtInd>
				<Dt>
					<Dt>2021-08-26</Dt>
				</Dt>
			</Bal>
			<Bal>
				<Tp>
					<CdOrPrtry>
						<Cd>CLAV</Cd>
					</CdOrPrtry>
				</Tp>
				<Amt Ccy="USD">0.00</Amt>
				<CdtDbtInd>CRDT</CdtDbtInd>
				<Dt>
					<Dt>2021-08-25</Dt>
				</Dt>
			</Bal>
			<TxsSummry>
				<TtlNtries>
					<NbOfNtries>0</NbOfNtries>
					<Sum>0.00</Sum>
					<TtlNetNtryAmt>0.00</TtlNetNtryAmt>
					<CdtDbtInd>CRDT</CdtDbtInd>
				</TtlNtries>
				<TtlCdtNtries>
					<NbOfNtries>0</NbOfNtries>
					<Sum>0.00</Sum>
				</TtlCdtNtries>
				<TtlDbtNtries>
					<NbOfNtries>0</NbOfNtries>
					<Sum>0.00</Sum>
				</TtlDbtNtries>
			</TxsSummry>
		</Stmt>
		<Stmt>
			<Id>2021-08-31T09:24:09000000826205556</Id>
			<ElctrncSeqNb>0</ElctrncSeqNb>
			<CreDtTm>2021-08-31T13:24:09.0Z</CreDtTm>
			<Acct>
				<Id>
					<Othr>
						<Id>000000826205556</Id>
					</Othr>
				</Id>
				<Ccy>USD</Ccy>
				<Nm>Fresen Kabi Comp LLC</Nm>
				<Svcr>
					<FinInstnId>
						<ClrSysMmbId>
							<ClrSysId>
								<Cd>USABA</Cd>
							</ClrSysId>
							<MmbId>071000013</MmbId>
						</ClrSysMmbId>
						<Nm>JPMorgan Chase Bank, N.A. (IL)</Nm>
					</FinInstnId>
				</Svcr>
			</Acct>
			<Bal>
				<Tp>
					<CdOrPrtry>
						<Cd>OPBD</Cd>
					</CdOrPrtry>
				</Tp>
				<Amt Ccy="USD">0.00</Amt>
				<CdtDbtInd>CRDT</CdtDbtInd>
				<Dt>
					<Dt>2021-08-25</Dt>
				</Dt>
			</Bal>
			<Bal>
				<Tp>
					<CdOrPrtry>
						<Cd>CLBD</Cd>
					</CdOrPrtry>
				</Tp>
				<Amt Ccy="USD">0.00</Amt>
				<CdtDbtInd>CRDT</CdtDbtInd>
				<Dt>
					<Dt>2021-08-25</Dt>
				</Dt>
			</Bal>
			<Bal>
				<Tp>
					<CdOrPrtry>
						<Cd>OPAV</Cd>
					</CdOrPrtry>
				</Tp>
				<Amt Ccy="USD">0.00</Amt>
				<CdtDbtInd>CRDT</CdtDbtInd>
				<Dt>
					<Dt>2021-08-25</Dt>
				</Dt>
			</Bal>
			<Bal>
				<Tp>
					<CdOrPrtry>
						<Cd>FWAV</Cd>
					</CdOrPrtry>
				</Tp>
				<Amt Ccy="USD">0.00</Amt>
				<CdtDbtInd>CRDT</CdtDbtInd>
				<Dt>
					<Dt>2021-08-26</Dt>
				</Dt>
			</Bal>
			<Bal>
				<Tp>
					<CdOrPrtry>
						<Cd>CLAV</Cd>
					</CdOrPrtry>
				</Tp>
				<Amt Ccy="USD">0.00</Amt>
				<CdtDbtInd>CRDT</CdtDbtInd>
				<Dt>
					<Dt>2021-08-25</Dt>
				</Dt>
			</Bal>
			<TxsSummry>
				<TtlNtries>
					<NbOfNtries>0</NbOfNtries>
					<Sum>0.00</Sum>
					<TtlNetNtryAmt>0.00</TtlNetNtryAmt>
					<CdtDbtInd>CRDT</CdtDbtInd>
				</TtlNtries>
				<TtlCdtNtries>
					<NbOfNtries>0</NbOfNtries>
					<Sum>0.00</Sum>
				</TtlCdtNtries>
				<TtlDbtNtries>
					<NbOfNtries>0</NbOfNtries>
					<Sum>0.00</Sum>
				</TtlDbtNtries>
			</TxsSummry>
		</Stmt>
		<Stmt>
			<Id>2021-08-31T09:24:09000000826205564</Id>
			<ElctrncSeqNb>0</ElctrncSeqNb>
			<CreDtTm>2021-08-31T13:24:09.0Z</CreDtTm>
			<Acct>
				<Id>
					<Othr>
						<Id>000000826205564</Id>
					</Othr>
				</Id>
				<Ccy>USD</Ccy>
				<Nm>Fresen Kabi Comp LLC</Nm>
				<Svcr>
					<FinInstnId>
						<ClrSysMmbId>
							<ClrSysId>
								<Cd>USABA</Cd>
							</ClrSysId>
							<MmbId>071000013</MmbId>
						</ClrSysMmbId>
						<Nm>JPMorgan Chase Bank, N.A. (IL)</Nm>
					</FinInstnId>
				</Svcr>
			</Acct>
			<Bal>
				<Tp>
					<CdOrPrtry>
						<Cd>OPBD</Cd>
					</CdOrPrtry>
				</Tp>
				<Amt Ccy="USD">0.00</Amt>
				<CdtDbtInd>CRDT</CdtDbtInd>
				<Dt>
					<Dt>2021-08-25</Dt>
				</Dt>
			</Bal>
			<Bal>
				<Tp>
					<CdOrPrtry>
						<Cd>CLBD</Cd>
					</CdOrPrtry>
				</Tp>
				<Amt Ccy="USD">0.00</Amt>
				<CdtDbtInd>CRDT</CdtDbtInd>
				<Dt>
					<Dt>2021-08-25</Dt>
				</Dt>
			</Bal>
			<Bal>
				<Tp>
					<CdOrPrtry>
						<Cd>OPAV</Cd>
					</CdOrPrtry>
				</Tp>
				<Amt Ccy="USD">0.00</Amt>
				<CdtDbtInd>CRDT</CdtDbtInd>
				<Dt>
					<Dt>2021-08-25</Dt>
				</Dt>
			</Bal>
			<Bal>
				<Tp>
					<CdOrPrtry>
						<Cd>FWAV</Cd>
					</CdOrPrtry>
				</Tp>
				<Amt Ccy="USD">0.00</Amt>
				<CdtDbtInd>CRDT</CdtDbtInd>
				<Dt>
					<Dt>2021-08-26</Dt>
				</Dt>
			</Bal>
			<Bal>
				<Tp>
					<CdOrPrtry>
						<Cd>CLAV</Cd>
					</CdOrPrtry>
				</Tp>
				<Amt Ccy="USD">0.00</Amt>
				<CdtDbtInd>CRDT</CdtDbtInd>
				<Dt>
					<Dt>2021-08-25</Dt>
				</Dt>
			</Bal>
			<TxsSummry>
				<TtlNtries>
					<NbOfNtries>0</NbOfNtries>
					<Sum>0.00</Sum>
					<TtlNetNtryAmt>0.00</TtlNetNtryAmt>
					<CdtDbtInd>CRDT</CdtDbtInd>
				</TtlNtries>
				<TtlCdtNtries>
					<NbOfNtries>0</NbOfNtries>
					<Sum>0.00</Sum>
				</TtlCdtNtries>
				<TtlDbtNtries>
					<NbOfNtries>0</NbOfNtries>
					<Sum>0.00</Sum>
				</TtlDbtNtries>
			</TxsSummry>
		</Stmt>
		<Stmt>
			<Id>2021-08-31T09:24:09000000921259958</Id>
			<ElctrncSeqNb>0</ElctrncSeqNb>
			<CreDtTm>2021-08-31T13:24:09.0Z</CreDtTm>
			<Acct>
				<Id>
					<Othr>
						<Id>000000921259958</Id>
					</Othr>
				</Id>
				<Ccy>USD</Ccy>
				<Nm>FRESEN KABI USA LLC</Nm>
				<Svcr>
					<FinInstnId>
						<ClrSysMmbId>
							<ClrSysId>
								<Cd>USABA</Cd>
							</ClrSysId>
							<MmbId>071000013</MmbId>
						</ClrSysMmbId>
						<Nm>JPMorgan Chase Bank, N.A. (IL)</Nm>
					</FinInstnId>
				</Svcr>
			</Acct>
			<Bal>
				<Tp>
					<CdOrPrtry>
						<Cd>OPBD</Cd>
					</CdOrPrtry>
				</Tp>
				<Amt Ccy="USD">0.00</Amt>
				<CdtDbtInd>CRDT</CdtDbtInd>
				<Dt>
					<Dt>2021-08-25</Dt>
				</Dt>
			</Bal>
			<Bal>
				<Tp>
					<CdOrPrtry>
						<Cd>CLBD</Cd>
					</CdOrPrtry>
				</Tp>
				<Amt Ccy="USD">0.00</Amt>
				<CdtDbtInd>CRDT</CdtDbtInd>
				<Dt>
					<Dt>2021-08-25</Dt>
				</Dt>
			</Bal>
			<Bal>
				<Tp>
					<CdOrPrtry>
						<Cd>OPAV</Cd>
					</CdOrPrtry>
				</Tp>
				<Amt Ccy="USD">0.00</Amt>
				<CdtDbtInd>CRDT</CdtDbtInd>
				<Dt>
					<Dt>2021-08-25</Dt>
				</Dt>
			</Bal>
			<Bal>
				<Tp>
					<CdOrPrtry>
						<Cd>FWAV</Cd>
					</CdOrPrtry>
				</Tp>
				<Amt Ccy="USD">0.00</Amt>
				<CdtDbtInd>CRDT</CdtDbtInd>
				<Dt>
					<Dt>2021-08-26</Dt>
				</Dt>
			</Bal>
			<Bal>
				<Tp>
					<CdOrPrtry>
						<Cd>CLAV</Cd>
					</CdOrPrtry>
				</Tp>
				<Amt Ccy="USD">0.00</Amt>
				<CdtDbtInd>CRDT</CdtDbtInd>
				<Dt>
					<Dt>2021-08-25</Dt>
				</Dt>
			</Bal>
			<TxsSummry>
				<TtlNtries>
					<NbOfNtries>0</NbOfNtries>
					<Sum>0.00</Sum>
					<TtlNetNtryAmt>0.00</TtlNetNtryAmt>
					<CdtDbtInd>CRDT</CdtDbtInd>
				</TtlNtries>
				<TtlCdtNtries>
					<NbOfNtries>0</NbOfNtries>
					<Sum>0.00</Sum>
				</TtlCdtNtries>
				<TtlDbtNtries>
					<NbOfNtries>0</NbOfNtries>
					<Sum>0.00</Sum>
				</TtlDbtNtries>
			</TxsSummry>
			<Ntry>
				<NtryRef>325087856557</NtryRef>
				<Amt Ccy="USD">414810.98</Amt>
				<CdtDbtInd>CRDT</CdtDbtInd>
				<Sts>BOOK</Sts>
				<BookgDt>
					<Dt>2021-08-25</Dt>
				</BookgDt>
				<ValDt>
					<Dt>2021-08-25</Dt>
				</ValDt>
				<AcctSvcrRef>0072460300XF</AcctSvcrRef>
				<Avlbty>
					<Dt>
						<NbOfDays>0</NbOfDays>
					</Dt>
					<Amt Ccy="USD">414810.98</Amt>
					<CdtDbtInd>CRDT</CdtDbtInd>
				</Avlbty>
				<BkTxCd>
					<Domn>
						<Cd>CAMT</Cd>
						<Fmly>
							<Cd>ACCB</Cd>
							<SubFmlyCd>ZABA</SubFmlyCd>
						</Fmly>
					</Domn>
					<Prtry>
						<Cd>275</Cd>
						<Issr>BAI</Issr>
					</Prtry>
				</BkTxCd>
				<AmtDtls>
					<TxAmt>
						<Amt Ccy="USD">414810.98</Amt>
					</TxAmt>
				</AmtDtls>
				<NtryDtls>
					<TxDtls>
						<Refs>
							<AcctSvcrRef>0072460300XF</AcctSvcrRef>
							<EndToEndId>352818170</EndToEndId>
						</Refs>
						<AmtDtls>
							<TxAmt>
								<Amt Ccy="USD">414810.98</Amt>
							</TxAmt>
						</AmtDtls>
						<Avlbty>
							<Dt>
								<NbOfDays>0</NbOfDays>
							</Dt>
							<Amt Ccy="USD">414810.98</Amt>
							<CdtDbtInd>CRDT</CdtDbtInd>
						</Avlbty>
						<RmtInf>
							<Ustrd>REMARK=CASH CONCENTRATION TRANSFER CREDIT FROM ACCOUNT 000000352818170 TRN: 0072460300XF</Ustrd>
						</RmtInf>
					</TxDtls>
				</NtryDtls>
			</Ntry>
			<Ntry>
				<NtryRef>325087856578</NtryRef>
				<Amt Ccy="USD">207433.48</Amt>
				<CdtDbtInd>DBIT</CdtDbtInd>
				<Sts>BOOK</Sts>
				<BookgDt>
					<Dt>2021-08-25</Dt>
				</BookgDt>
				<ValDt>
					<Dt>2021-08-25</Dt>
				</ValDt>
				<AcctSvcrRef>5980484365</AcctSvcrRef>
				<Avlbty>
					<Dt>
						<NbOfDays>0</NbOfDays>
					</Dt>
					<Amt Ccy="USD">207433.48</Amt>
					<CdtDbtInd>DBIT</CdtDbtInd>
				</Avlbty>
				<BkTxCd>
					<Domn>
						<Cd>PMNT</Cd>
						<Fmly>
							<Cd>ICHQ</Cd>
							<SubFmlyCd>CCHQ</SubFmlyCd>
						</Fmly>
					</Domn>
					<Prtry>
						<Cd>475</Cd>
						<Issr>BAI</Issr>
					</Prtry>
				</BkTxCd>
				<AmtDtls>
					<TxAmt>
						<Amt Ccy="USD">207433.48</Amt>
					</TxAmt>
				</AmtDtls>
				<NtryDtls>
					<TxDtls>
						<Refs>
							<AcctSvcrRef>5980484365</AcctSvcrRef>
							<EndToEndId>553335</EndToEndId>
							<ChqNb>0000000553335</ChqNb>
						</Refs>
						<AmtDtls>
							<TxAmt>
								<Amt Ccy="USD">207433.48</Amt>
							</TxAmt>
						</AmtDtls>
						<Avlbty>
							<Dt>
								<NbOfDays>0</NbOfDays>
							</Dt>
							<Amt Ccy="USD">207433.48</Amt>
							<CdtDbtInd>DBIT</CdtDbtInd>
						</Avlbty>
					</TxDtls>
				</NtryDtls>
			</Ntry>
			<Ntry>
				<NtryRef>325087856577</NtryRef>
				<Amt Ccy="USD">33130.61</Amt>
				<CdtDbtInd>DBIT</CdtDbtInd>
				<Sts>BOOK</Sts>
				<BookgDt>
					<Dt>2021-08-25</Dt>
				</BookgDt>
				<ValDt>
					<Dt>2021-08-25</Dt>
				</ValDt>
				<AcctSvcrRef>4570176403</AcctSvcrRef>
				<Avlbty>
					<Dt>
						<NbOfDays>0</NbOfDays>
					</Dt>
					<Amt Ccy="USD">33130.61</Amt>
					<CdtDbtInd>DBIT</CdtDbtInd>
				</Avlbty>
				<BkTxCd>
					<Domn>
						<Cd>PMNT</Cd>
						<Fmly>
							<Cd>ICHQ</Cd>
							<SubFmlyCd>CCHQ</SubFmlyCd>
						</Fmly>
					</Domn>
					<Prtry>
						<Cd>475</Cd>
						<Issr>BAI</Issr>
					</Prtry>
				</BkTxCd>
				<AmtDtls>
					<TxAmt>
						<Amt Ccy="USD">33130.61</Amt>
					</TxAmt>
				</AmtDtls>
				<NtryDtls>
					<TxDtls>
						<Refs>
							<AcctSvcrRef>4570176403</AcctSvcrRef>
							<EndToEndId>553281</EndToEndId>
							<ChqNb>0000000553281</ChqNb>
						</Refs>
						<AmtDtls>
							<TxAmt>
								<Amt Ccy="USD">33130.61</Amt>
							</TxAmt>
						</AmtDtls>
						<Avlbty>
							<Dt>
								<NbOfDays>0</NbOfDays>
							</Dt>
							<Amt Ccy="USD">33130.61</Amt>
							<CdtDbtInd>DBIT</CdtDbtInd>
						</Avlbty>
					</TxDtls>
				</NtryDtls>
			</Ntry>
			<Ntry>
				<NtryRef>325087856576</NtryRef>
				<Amt Ccy="USD">33011.17</Amt>
				<CdtDbtInd>DBIT</CdtDbtInd>
				<Sts>BOOK</Sts>
				<BookgDt>
					<Dt>2021-08-25</Dt>
				</BookgDt>
				<ValDt>
					<Dt>2021-08-25</Dt>
				</ValDt>
				<AcctSvcrRef>4570176558</AcctSvcrRef>
				<Avlbty>
					<Dt>
						<NbOfDays>0</NbOfDays>
					</Dt>
					<Amt Ccy="USD">33011.17</Amt>
					<CdtDbtInd>DBIT</CdtDbtInd>
				</Avlbty>
				<BkTxCd>
					<Domn>
						<Cd>PMNT</Cd>
						<Fmly>
							<Cd>ICHQ</Cd>
							<SubFmlyCd>CCHQ</SubFmlyCd>
						</Fmly>
					</Domn>
					<Prtry>
						<Cd>475</Cd>
						<Issr>BAI</Issr>
					</Prtry>
				</BkTxCd>
				<AmtDtls>
					<TxAmt>
						<Amt Ccy="USD">33011.17</Amt>
					</TxAmt>
				</AmtDtls>
				<NtryDtls>
					<TxDtls>
						<Refs>
							<AcctSvcrRef>4570176558</AcctSvcrRef>
							<EndToEndId>553280</EndToEndId>
							<ChqNb>0000000553280</ChqNb>
						</Refs>
						<AmtDtls>
							<TxAmt>
								<Amt Ccy="USD">33011.17</Amt>
							</TxAmt>
						</AmtDtls>
						<Avlbty>
							<Dt>
								<NbOfDays>0</NbOfDays>
							</Dt>
							<Amt Ccy="USD">33011.17</Amt>
							<CdtDbtInd>DBIT</CdtDbtInd>
						</Avlbty>
					</TxDtls>
				</NtryDtls>
			</Ntry>
			<Ntry>
				<NtryRef>325087856575</NtryRef>
				<Amt Ccy="USD">17799.50</Amt>
				<CdtDbtInd>DBIT</CdtDbtInd>
				<Sts>BOOK</Sts>
				<BookgDt>
					<Dt>2021-08-25</Dt>
				</BookgDt>
				<ValDt>
					<Dt>2021-08-25</Dt>
				</ValDt>
				<AcctSvcrRef>5980149804</AcctSvcrRef>
				<Avlbty>
					<Dt>
						<NbOfDays>0</NbOfDays>
					</Dt>
					<Amt Ccy="USD">17799.50</Amt>
					<CdtDbtInd>DBIT</CdtDbtInd>
				</Avlbty>
				<BkTxCd>
					<Domn>
						<Cd>PMNT</Cd>
						<Fmly>
							<Cd>ICHQ</Cd>
							<SubFmlyCd>CCHQ</SubFmlyCd>
						</Fmly>
					</Domn>
					<Prtry>
						<Cd>475</Cd>
						<Issr>BAI</Issr>
					</Prtry>
				</BkTxCd>
				<AmtDtls>
					<TxAmt>
						<Amt Ccy="USD">17799.50</Amt>
					</TxAmt>
				</AmtDtls>
				<NtryDtls>
					<TxDtls>
						<Refs>
							<AcctSvcrRef>5980149804</AcctSvcrRef>
							<EndToEndId>553201</EndToEndId>
							<ChqNb>0000000553201</ChqNb>
						</Refs>
						<AmtDtls>
							<TxAmt>
								<Amt Ccy="USD">17799.50</Amt>
							</TxAmt>
						</AmtDtls>
						<Avlbty>
							<Dt>
								<NbOfDays>0</NbOfDays>
							</Dt>
							<Amt Ccy="USD">17799.50</Amt>
							<CdtDbtInd>DBIT</CdtDbtInd>
						</Avlbty>
					</TxDtls>
				</NtryDtls>
			</Ntry>
			<Ntry>
				<NtryRef>325087856574</NtryRef>
				<Amt Ccy="USD">16661.72</Amt>
				<CdtDbtInd>DBIT</CdtDbtInd>
				<Sts>BOOK</Sts>
				<BookgDt>
					<Dt>2021-08-25</Dt>
				</BookgDt>
				<ValDt>
					<Dt>2021-08-25</Dt>
				</ValDt>
				<AcctSvcrRef>4570162957</AcctSvcrRef>
				<Avlbty>
					<Dt>
						<NbOfDays>0</NbOfDays>
					</Dt>
					<Amt Ccy="USD">16661.72</Amt>
					<CdtDbtInd>DBIT</CdtDbtInd>
				</Avlbty>
				<BkTxCd>
					<Domn>
						<Cd>PMNT</Cd>
						<Fmly>
							<Cd>ICHQ</Cd>
							<SubFmlyCd>CCHQ</SubFmlyCd>
						</Fmly>
					</Domn>
					<Prtry>
						<Cd>475</Cd>
						<Issr>BAI</Issr>
					</Prtry>
				</BkTxCd>
				<AmtDtls>
					<TxAmt>
						<Amt Ccy="USD">16661.72</Amt>
					</TxAmt>
				</AmtDtls>
				<NtryDtls>
					<TxDtls>
						<Refs>
							<AcctSvcrRef>4570162957</AcctSvcrRef>
							<EndToEndId>553102</EndToEndId>
							<ChqNb>0000000553102</ChqNb>
						</Refs>
						<AmtDtls>
							<TxAmt>
								<Amt Ccy="USD">16661.72</Amt>
							</TxAmt>
						</AmtDtls>
						<Avlbty>
							<Dt>
								<NbOfDays>0</NbOfDays>
							</Dt>
							<Amt Ccy="USD">16661.72</Amt>
							<CdtDbtInd>DBIT</CdtDbtInd>
						</Avlbty>
					</TxDtls>
				</NtryDtls>
			</Ntry>
			<Ntry>
				<NtryRef>325087856573</NtryRef>
				<Amt Ccy="USD">16559.05</Amt>
				<CdtDbtInd>DBIT</CdtDbtInd>
				<Sts>BOOK</Sts>
				<BookgDt>
					<Dt>2021-08-25</Dt>
				</BookgDt>
				<ValDt>
					<Dt>2021-08-25</Dt>
				</ValDt>
				<AcctSvcrRef>3290056753</AcctSvcrRef>
				<Avlbty>
					<Dt>
						<NbOfDays>0</NbOfDays>
					</Dt>
					<Amt Ccy="USD">16559.05</Amt>
					<CdtDbtInd>DBIT</CdtDbtInd>
				</Avlbty>
				<BkTxCd>
					<Domn>
						<Cd>PMNT</Cd>
						<Fmly>
							<Cd>ICHQ</Cd>
							<SubFmlyCd>CCHQ</SubFmlyCd>
						</Fmly>
					</Domn>
					<Prtry>
						<Cd>475</Cd>
						<Issr>BAI</Issr>
					</Prtry>
				</BkTxCd>
				<AmtDtls>
					<TxAmt>
						<Amt Ccy="USD">16559.05</Amt>
					</TxAmt>
				</AmtDtls>
				<NtryDtls>
					<TxDtls>
						<Refs>
							<AcctSvcrRef>3290056753</AcctSvcrRef>
							<EndToEndId>553313</EndToEndId>
							<ChqNb>0000000553313</ChqNb>
						</Refs>
						<AmtDtls>
							<TxAmt>
								<Amt Ccy="USD">16559.05</Amt>
							</TxAmt>
						</AmtDtls>
						<Avlbty>
							<Dt>
								<NbOfDays>0</NbOfDays>
							</Dt>
							<Amt Ccy="USD">16559.05</Amt>
							<CdtDbtInd>DBIT</CdtDbtInd>
						</Avlbty>
					</TxDtls>
				</NtryDtls>
			</Ntry>
			<Ntry>
				<NtryRef>325087856572</NtryRef>
				<Amt Ccy="USD">12646.66</Amt>
				<CdtDbtInd>DBIT</CdtDbtInd>
				<Sts>BOOK</Sts>
				<BookgDt>
					<Dt>2021-08-25</Dt>
				</BookgDt>
				<ValDt>
					<Dt>2021-08-25</Dt>
				</ValDt>
				<AcctSvcrRef>3290056751</AcctSvcrRef>
				<Avlbty>
					<Dt>
						<NbOfDays>0</NbOfDays>
					</Dt>
					<Amt Ccy="USD">12646.66</Amt>
					<CdtDbtInd>DBIT</CdtDbtInd>
				</Avlbty>
				<BkTxCd>
					<Domn>
						<Cd>PMNT</Cd>
						<Fmly>
							<Cd>ICHQ</Cd>
							<SubFmlyCd>CCHQ</SubFmlyCd>
						</Fmly>
					</Domn>
					<Prtry>
						<Cd>475</Cd>
						<Issr>BAI</Issr>
					</Prtry>
				</BkTxCd>
				<AmtDtls>
					<TxAmt>
						<Amt Ccy="USD">12646.66</Amt>
					</TxAmt>
				</AmtDtls>
				<NtryDtls>
					<TxDtls>
						<Refs>
							<AcctSvcrRef>3290056751</AcctSvcrRef>
							<EndToEndId>553314</EndToEndId>
							<ChqNb>0000000553314</ChqNb>
						</Refs>
						<AmtDtls>
							<TxAmt>
								<Amt Ccy="USD">12646.66</Amt>
							</TxAmt>
						</AmtDtls>
						<Avlbty>
							<Dt>
								<NbOfDays>0</NbOfDays>
							</Dt>
							<Amt Ccy="USD">12646.66</Amt>
							<CdtDbtInd>DBIT</CdtDbtInd>
						</Avlbty>
					</TxDtls>
				</NtryDtls>
			</Ntry>
			<Ntry>
				<NtryRef>325087856571</NtryRef>
				<Amt Ccy="USD">10169.00</Amt>
				<CdtDbtInd>DBIT</CdtDbtInd>
				<Sts>BOOK</Sts>
				<BookgDt>
					<Dt>2021-08-25</Dt>
				</BookgDt>
				<ValDt>
					<Dt>2021-08-25</Dt>
				</ValDt>
				<AcctSvcrRef>3290121012</AcctSvcrRef>
				<Avlbty>
					<Dt>
						<NbOfDays>0</NbOfDays>
					</Dt>
					<Amt Ccy="USD">10169.00</Amt>
					<CdtDbtInd>DBIT</CdtDbtInd>
				</Avlbty>
				<BkTxCd>
					<Domn>
						<Cd>PMNT</Cd>
						<Fmly>
							<Cd>ICHQ</Cd>
							<SubFmlyCd>CCHQ</SubFmlyCd>
						</Fmly>
					</Domn>
					<Prtry>
						<Cd>475</Cd>
						<Issr>BAI</Issr>
					</Prtry>
				</BkTxCd>
				<AmtDtls>
					<TxAmt>
						<Amt Ccy="USD">10169.00</Amt>
					</TxAmt>
				</AmtDtls>
				<NtryDtls>
					<TxDtls>
						<Refs>
							<AcctSvcrRef>3290121012</AcctSvcrRef>
							<EndToEndId>553173</EndToEndId>
							<ChqNb>0000000553173</ChqNb>
						</Refs>
						<AmtDtls>
							<TxAmt>
								<Amt Ccy="USD">10169.00</Amt>
							</TxAmt>
						</AmtDtls>
						<Avlbty>
							<Dt>
								<NbOfDays>0</NbOfDays>
							</Dt>
							<Amt Ccy="USD">10169.00</Amt>
							<CdtDbtInd>DBIT</CdtDbtInd>
						</Avlbty>
					</TxDtls>
				</NtryDtls>
			</Ntry>
			<Ntry>
				<NtryRef>325087856570</NtryRef>
				<Amt Ccy="USD">10000.00</Amt>
				<CdtDbtInd>DBIT</CdtDbtInd>
				<Sts>BOOK</Sts>
				<BookgDt>
					<Dt>2021-08-25</Dt>
				</BookgDt>
				<ValDt>
					<Dt>2021-08-25</Dt>
				</ValDt>
				<AcctSvcrRef>4570210309</AcctSvcrRef>
				<Avlbty>
					<Dt>
						<NbOfDays>0</NbOfDays>
					</Dt>
					<Amt Ccy="USD">10000.00</Amt>
					<CdtDbtInd>DBIT</CdtDbtInd>
				</Avlbty>
				<BkTxCd>
					<Domn>
						<Cd>PMNT</Cd>
						<Fmly>
							<Cd>ICHQ</Cd>
							<SubFmlyCd>CCHQ</SubFmlyCd>
						</Fmly>
					</Domn>
					<Prtry>
						<Cd>475</Cd>
						<Issr>BAI</Issr>
					</Prtry>
				</BkTxCd>
				<AmtDtls>
					<TxAmt>
						<Amt Ccy="USD">10000.00</Amt>
					</TxAmt>
				</AmtDtls>
				<NtryDtls>
					<TxDtls>
						<Refs>
							<AcctSvcrRef>4570210309</AcctSvcrRef>
							<EndToEndId>553363</EndToEndId>
							<ChqNb>0000000553363</ChqNb>
						</Refs>
						<AmtDtls>
							<TxAmt>
								<Amt Ccy="USD">10000.00</Amt>
							</TxAmt>
						</AmtDtls>
						<Avlbty>
							<Dt>
								<NbOfDays>0</NbOfDays>
							</Dt>
							<Amt Ccy="USD">10000.00</Amt>
							<CdtDbtInd>DBIT</CdtDbtInd>
						</Avlbty>
					</TxDtls>
				</NtryDtls>
			</Ntry>
			<Ntry>
				<NtryRef>325087856569</NtryRef>
				<Amt Ccy="USD">9572.17</Amt>
				<CdtDbtInd>DBIT</CdtDbtInd>
				<Sts>BOOK</Sts>
				<BookgDt>
					<Dt>2021-08-25</Dt>
				</BookgDt>
				<ValDt>
					<Dt>2021-08-25</Dt>
				</ValDt>
				<AcctSvcrRef>109980329863</AcctSvcrRef>
				<Avlbty>
					<Dt>
						<NbOfDays>0</NbOfDays>
					</Dt>
					<Amt Ccy="USD">9572.17</Amt>
					<CdtDbtInd>DBIT</CdtDbtInd>
				</Avlbty>
				<BkTxCd>
					<Domn>
						<Cd>PMNT</Cd>
						<Fmly>
							<Cd>ICHQ</Cd>
							<SubFmlyCd>CCHQ</SubFmlyCd>
						</Fmly>
					</Domn>
					<Prtry>
						<Cd>475</Cd>
						<Issr>BAI</Issr>
					</Prtry>
				</BkTxCd>
				<AmtDtls>
					<TxAmt>
						<Amt Ccy="USD">9572.17</Amt>
					</TxAmt>
				</AmtDtls>
				<NtryDtls>
					<TxDtls>
						<Refs>
							<AcctSvcrRef>109980329863</AcctSvcrRef>
							<EndToEndId>553308</EndToEndId>
							<ChqNb>0000000553308</ChqNb>
						</Refs>
						<AmtDtls>
							<TxAmt>
								<Amt Ccy="USD">9572.17</Amt>
							</TxAmt>
						</AmtDtls>
						<Avlbty>
							<Dt>
								<NbOfDays>0</NbOfDays>
							</Dt>
							<Amt Ccy="USD">9572.17</Amt>
							<CdtDbtInd>DBIT</CdtDbtInd>
						</Avlbty>
					</TxDtls>
				</NtryDtls>
			</Ntry>
			<Ntry>
				<NtryRef>325087856568</NtryRef>
				<Amt Ccy="USD">9283.00</Amt>
				<CdtDbtInd>DBIT</CdtDbtInd>
				<Sts>BOOK</Sts>
				<BookgDt>
					<Dt>2021-08-25</Dt>
				</BookgDt>
				<ValDt>
					<Dt>2021-08-25</Dt>
				</ValDt>
				<AcctSvcrRef>9980496254</AcctSvcrRef>
				<Avlbty>
					<Dt>
						<NbOfDays>0</NbOfDays>
					</Dt>
					<Amt Ccy="USD">9283.00</Amt>
					<CdtDbtInd>DBIT</CdtDbtInd>
				</Avlbty>
				<BkTxCd>
					<Domn>
						<Cd>PMNT</Cd>
						<Fmly>
							<Cd>ICHQ</Cd>
							<SubFmlyCd>CCHQ</SubFmlyCd>
						</Fmly>
					</Domn>
					<Prtry>
						<Cd>475</Cd>
						<Issr>BAI</Issr>
					</Prtry>
				</BkTxCd>
				<AmtDtls>
					<TxAmt>
						<Amt Ccy="USD">9283.00</Amt>
					</TxAmt>
				</AmtDtls>
				<NtryDtls>
					<TxDtls>
						<Refs>
							<AcctSvcrRef>9980496254</AcctSvcrRef>
							<EndToEndId>553331</EndToEndId>
							<ChqNb>0000000553331</ChqNb>
						</Refs>
						<AmtDtls>
							<TxAmt>
								<Amt Ccy="USD">9283.00</Amt>
							</TxAmt>
						</AmtDtls>
						<Avlbty>
							<Dt>
								<NbOfDays>0</NbOfDays>
							</Dt>
							<Amt Ccy="USD">9283.00</Amt>
							<CdtDbtInd>DBIT</CdtDbtInd>
						</Avlbty>
					</TxDtls>
				</NtryDtls>
			</Ntry>
			<Ntry>
				<NtryRef>325087856567</NtryRef>
				<Amt Ccy="USD">8250.00</Amt>
				<CdtDbtInd>DBIT</CdtDbtInd>
				<Sts>BOOK</Sts>
				<BookgDt>
					<Dt>2021-08-25</Dt>
				</BookgDt>
				<ValDt>
					<Dt>2021-08-25</Dt>
				</ValDt>
				<AcctSvcrRef>5980844585</AcctSvcrRef>
				<Avlbty>
					<Dt>
						<NbOfDays>0</NbOfDays>
					</Dt>
					<Amt Ccy="USD">8250.00</Amt>
					<CdtDbtInd>DBIT</CdtDbtInd>
				</Avlbty>
				<BkTxCd>
					<Domn>
						<Cd>PMNT</Cd>
						<Fmly>
							<Cd>ICHQ</Cd>
							<SubFmlyCd>CCHQ</SubFmlyCd>
						</Fmly>
					</Domn>
					<Prtry>
						<Cd>475</Cd>
						<Issr>BAI</Issr>
					</Prtry>
				</BkTxCd>
				<AmtDtls>
					<TxAmt>
						<Amt Ccy="USD">8250.00</Amt>
					</TxAmt>
				</AmtDtls>
				<NtryDtls>
					<TxDtls>
						<Refs>
							<AcctSvcrRef>5980844585</AcctSvcrRef>
							<EndToEndId>553380</EndToEndId>
							<ChqNb>0000000553380</ChqNb>
						</Refs>
						<AmtDtls>
							<TxAmt>
								<Amt Ccy="USD">8250.00</Amt>
							</TxAmt>
						</AmtDtls>
						<Avlbty>
							<Dt>
								<NbOfDays>0</NbOfDays>
							</Dt>
							<Amt Ccy="USD">8250.00</Amt>
							<CdtDbtInd>DBIT</CdtDbtInd>
						</Avlbty>
					</TxDtls>
				</NtryDtls>
			</Ntry>
			<Ntry>
				<NtryRef>325087856566</NtryRef>
				<Amt Ccy="USD">7545.00</Amt>
				<CdtDbtInd>DBIT</CdtDbtInd>
				<Sts>BOOK</Sts>
				<BookgDt>
					<Dt>2021-08-25</Dt>
				</BookgDt>
				<ValDt>
					<Dt>2021-08-25</Dt>
				</ValDt>
				<AcctSvcrRef>4570226271</AcctSvcrRef>
				<Avlbty>
					<Dt>
						<NbOfDays>0</NbOfDays>
					</Dt>
					<Amt Ccy="USD">7545.00</Amt>
					<CdtDbtInd>DBIT</CdtDbtInd>
				</Avlbty>
				<BkTxCd>
					<Domn>
						<Cd>PMNT</Cd>
						<Fmly>
							<Cd>ICHQ</Cd>
							<SubFmlyCd>CCHQ</SubFmlyCd>
						</Fmly>
					</Domn>
					<Prtry>
						<Cd>475</Cd>
						<Issr>BAI</Issr>
					</Prtry>
				</BkTxCd>
				<AmtDtls>
					<TxAmt>
						<Amt Ccy="USD">7545.00</Amt>
					</TxAmt>
				</AmtDtls>
				<NtryDtls>
					<TxDtls>
						<Refs>
							<AcctSvcrRef>4570226271</AcctSvcrRef>
							<EndToEndId>553371</EndToEndId>
							<ChqNb>0000000553371</ChqNb>
						</Refs>
						<AmtDtls>
							<TxAmt>
								<Amt Ccy="USD">7545.00</Amt>
							</TxAmt>
						</AmtDtls>
						<Avlbty>
							<Dt>
								<NbOfDays>0</NbOfDays>
							</Dt>
							<Amt Ccy="USD">7545.00</Amt>
							<CdtDbtInd>DBIT</CdtDbtInd>
						</Avlbty>
					</TxDtls>
				</NtryDtls>
			</Ntry>
			<Ntry>
				<NtryRef>325087856565</NtryRef>
				<Amt Ccy="USD">6417.30</Amt>
				<CdtDbtInd>DBIT</CdtDbtInd>
				<Sts>BOOK</Sts>
				<BookgDt>
					<Dt>2021-08-25</Dt>
				</BookgDt>
				<ValDt>
					<Dt>2021-08-25</Dt>
				</ValDt>
				<AcctSvcrRef>4570176404</AcctSvcrRef>
				<Avlbty>
					<Dt>
						<NbOfDays>0</NbOfDays>
					</Dt>
					<Amt Ccy="USD">6417.30</Amt>
					<CdtDbtInd>DBIT</CdtDbtInd>
				</Avlbty>
				<BkTxCd>
					<Domn>
						<Cd>PMNT</Cd>
						<Fmly>
							<Cd>ICHQ</Cd>
							<SubFmlyCd>CCHQ</SubFmlyCd>
						</Fmly>
					</Domn>
					<Prtry>
						<Cd>475</Cd>
						<Issr>BAI</Issr>
					</Prtry>
				</BkTxCd>
				<AmtDtls>
					<TxAmt>
						<Amt Ccy="USD">6417.30</Amt>
					</TxAmt>
				</AmtDtls>
				<NtryDtls>
					<TxDtls>
						<Refs>
							<AcctSvcrRef>4570176404</AcctSvcrRef>
							<EndToEndId>553279</EndToEndId>
							<ChqNb>0000000553279</ChqNb>
						</Refs>
						<AmtDtls>
							<TxAmt>
								<Amt Ccy="USD">6417.30</Amt>
							</TxAmt>
						</AmtDtls>
						<Avlbty>
							<Dt>
								<NbOfDays>0</NbOfDays>
							</Dt>
							<Amt Ccy="USD">6417.30</Amt>
							<CdtDbtInd>DBIT</CdtDbtInd>
						</Avlbty>
					</TxDtls>
				</NtryDtls>
			</Ntry>
			<Ntry>
				<NtryRef>325087856564</NtryRef>
				<Amt Ccy="USD">4516.62</Amt>
				<CdtDbtInd>DBIT</CdtDbtInd>
				<Sts>BOOK</Sts>
				<BookgDt>
					<Dt>2021-08-25</Dt>
				</BookgDt>
				<ValDt>
					<Dt>2021-08-25</Dt>
				</ValDt>
				<AcctSvcrRef>9980597621</AcctSvcrRef>
				<Avlbty>
					<Dt>
						<NbOfDays>0</NbOfDays>
					</Dt>
					<Amt Ccy="USD">4516.62</Amt>
					<CdtDbtInd>DBIT</CdtDbtInd>
				</Avlbty>
				<BkTxCd>
					<Domn>
						<Cd>PMNT</Cd>
						<Fmly>
							<Cd>ICHQ</Cd>
							<SubFmlyCd>CCHQ</SubFmlyCd>
						</Fmly>
					</Domn>
					<Prtry>
						<Cd>475</Cd>
						<Issr>BAI</Issr>
					</Prtry>
				</BkTxCd>
				<AmtDtls>
					<TxAmt>
						<Amt Ccy="USD">4516.62</Amt>
					</TxAmt>
				</AmtDtls>
				<NtryDtls>
					<TxDtls>
						<Refs>
							<AcctSvcrRef>9980597621</AcctSvcrRef>
							<EndToEndId>553358</EndToEndId>
							<ChqNb>0000000553358</ChqNb>
						</Refs>
						<AmtDtls>
							<TxAmt>
								<Amt Ccy="USD">4516.62</Amt>
							</TxAmt>
						</AmtDtls>
						<Avlbty>
							<Dt>
								<NbOfDays>0</NbOfDays>
							</Dt>
							<Amt Ccy="USD">4516.62</Amt>
							<CdtDbtInd>DBIT</CdtDbtInd>
						</Avlbty>
					</TxDtls>
				</NtryDtls>
			</Ntry>
			<Ntry>
				<NtryRef>325087856563</NtryRef>
				<Amt Ccy="USD">4160.00</Amt>
				<CdtDbtInd>DBIT</CdtDbtInd>
				<Sts>BOOK</Sts>
				<BookgDt>
					<Dt>2021-08-25</Dt>
				</BookgDt>
				<ValDt>
					<Dt>2021-08-25</Dt>
				</ValDt>
				<AcctSvcrRef>9980266346</AcctSvcrRef>
				<Avlbty>
					<Dt>
						<NbOfDays>0</NbOfDays>
					</Dt>
					<Amt Ccy="USD">4160.00</Amt>
					<CdtDbtInd>DBIT</CdtDbtInd>
				</Avlbty>
				<BkTxCd>
					<Domn>
						<Cd>PMNT</Cd>
						<Fmly>
							<Cd>ICHQ</Cd>
							<SubFmlyCd>CCHQ</SubFmlyCd>
						</Fmly>
					</Domn>
					<Prtry>
						<Cd>475</Cd>
						<Issr>BAI</Issr>
					</Prtry>
				</BkTxCd>
				<AmtDtls>
					<TxAmt>
						<Amt Ccy="USD">4160.00</Amt>
					</TxAmt>
				</AmtDtls>
				<NtryDtls>
					<TxDtls>
						<Refs>
							<AcctSvcrRef>9980266346</AcctSvcrRef>
							<EndToEndId>553376</EndToEndId>
							<ChqNb>0000000553376</ChqNb>
						</Refs>
						<AmtDtls>
							<TxAmt>
								<Amt Ccy="USD">4160.00</Amt>
							</TxAmt>
						</AmtDtls>
						<Avlbty>
							<Dt>
								<NbOfDays>0</NbOfDays>
							</Dt>
							<Amt Ccy="USD">4160.00</Amt>
							<CdtDbtInd>DBIT</CdtDbtInd>
						</Avlbty>
					</TxDtls>
				</NtryDtls>
			</Ntry>
			<Ntry>
				<NtryRef>325087856562</NtryRef>
				<Amt Ccy="USD">3796.21</Amt>
				<CdtDbtInd>DBIT</CdtDbtInd>
				<Sts>BOOK</Sts>
				<BookgDt>
					<Dt>2021-08-25</Dt>
				</BookgDt>
				<ValDt>
					<Dt>2021-08-25</Dt>
				</ValDt>
				<AcctSvcrRef>3290056752</AcctSvcrRef>
				<Avlbty>
					<Dt>
						<NbOfDays>0</NbOfDays>
					</Dt>
					<Amt Ccy="USD">3796.21</Amt>
					<CdtDbtInd>DBIT</CdtDbtInd>
				</Avlbty>
				<BkTxCd>
					<Domn>
						<Cd>PMNT</Cd>
						<Fmly>
							<Cd>ICHQ</Cd>
							<SubFmlyCd>CCHQ</SubFmlyCd>
						</Fmly>
					</Domn>
					<Prtry>
						<Cd>475</Cd>
						<Issr>BAI</Issr>
					</Prtry>
				</BkTxCd>
				<AmtDtls>
					<TxAmt>
						<Amt Ccy="USD">3796.21</Amt>
					</TxAmt>
				</AmtDtls>
				<NtryDtls>
					<TxDtls>
						<Refs>
							<AcctSvcrRef>3290056752</AcctSvcrRef>
							<EndToEndId>553315</EndToEndId>
							<ChqNb>0000000553315</ChqNb>
						</Refs>
						<AmtDtls>
							<TxAmt>
								<Amt Ccy="USD">3796.21</Amt>
							</TxAmt>
						</AmtDtls>
						<Avlbty>
							<Dt>
								<NbOfDays>0</NbOfDays>
							</Dt>
							<Amt Ccy="USD">3796.21</Amt>
							<CdtDbtInd>DBIT</CdtDbtInd>
						</Avlbty>
					</TxDtls>
				</NtryDtls>
			</Ntry>
			<Ntry>
				<NtryRef>325087856561</NtryRef>
				<Amt Ccy="USD">2256.29</Amt>
				<CdtDbtInd>DBIT</CdtDbtInd>
				<Sts>BOOK</Sts>
				<BookgDt>
					<Dt>2021-08-25</Dt>
				</BookgDt>
				<ValDt>
					<Dt>2021-08-25</Dt>
				</ValDt>
				<AcctSvcrRef>4570152581</AcctSvcrRef>
				<Avlbty>
					<Dt>
						<NbOfDays>0</NbOfDays>
					</Dt>
					<Amt Ccy="USD">2256.29</Amt>
					<CdtDbtInd>DBIT</CdtDbtInd>
				</Avlbty>
				<BkTxCd>
					<Domn>
						<Cd>PMNT</Cd>
						<Fmly>
							<Cd>ICHQ</Cd>
							<SubFmlyCd>CCHQ</SubFmlyCd>
						</Fmly>
					</Domn>
					<Prtry>
						<Cd>475</Cd>
						<Issr>BAI</Issr>
					</Prtry>
				</BkTxCd>
				<AmtDtls>
					<TxAmt>
						<Amt Ccy="USD">2256.29</Amt>
					</TxAmt>
				</AmtDtls>
				<NtryDtls>
					<TxDtls>
						<Refs>
							<AcctSvcrRef>4570152581</AcctSvcrRef>
							<EndToEndId>553196</EndToEndId>
							<ChqNb>0000000553196</ChqNb>
						</Refs>
						<AmtDtls>
							<TxAmt>
								<Amt Ccy="USD">2256.29</Amt>
							</TxAmt>
						</AmtDtls>
						<Avlbty>
							<Dt>
								<NbOfDays>0</NbOfDays>
							</Dt>
							<Amt Ccy="USD">2256.29</Amt>
							<CdtDbtInd>DBIT</CdtDbtInd>
						</Avlbty>
					</TxDtls>
				</NtryDtls>
			</Ntry>
			<Ntry>
				<NtryRef>325087856560</NtryRef>
				<Amt Ccy="USD">1122.37</Amt>
				<CdtDbtInd>DBIT</CdtDbtInd>
				<Sts>BOOK</Sts>
				<BookgDt>
					<Dt>2021-08-25</Dt>
				</BookgDt>
				<ValDt>
					<Dt>2021-08-25</Dt>
				</ValDt>
				<AcctSvcrRef>4570594464</AcctSvcrRef>
				<Avlbty>
					<Dt>
						<NbOfDays>0</NbOfDays>
					</Dt>
					<Amt Ccy="USD">1122.37</Amt>
					<CdtDbtInd>DBIT</CdtDbtInd>
				</Avlbty>
				<BkTxCd>
					<Domn>
						<Cd>PMNT</Cd>
						<Fmly>
							<Cd>ICHQ</Cd>
							<SubFmlyCd>CCHQ</SubFmlyCd>
						</Fmly>
					</Domn>
					<Prtry>
						<Cd>475</Cd>
						<Issr>BAI</Issr>
					</Prtry>
				</BkTxCd>
				<AmtDtls>
					<TxAmt>
						<Amt Ccy="USD">1122.37</Amt>
					</TxAmt>
				</AmtDtls>
				<NtryDtls>
					<TxDtls>
						<Refs>
							<AcctSvcrRef>4570594464</AcctSvcrRef>
							<EndToEndId>553327</EndToEndId>
							<ChqNb>0000000553327</ChqNb>
						</Refs>
						<AmtDtls>
							<TxAmt>
								<Amt Ccy="USD">1122.37</Amt>
							</TxAmt>
						</AmtDtls>
						<Avlbty>
							<Dt>
								<NbOfDays>0</NbOfDays>
							</Dt>
							<Amt Ccy="USD">1122.37</Amt>
							<CdtDbtInd>DBIT</CdtDbtInd>
						</Avlbty>
					</TxDtls>
				</NtryDtls>
			</Ntry>
			<Ntry>
				<NtryRef>325087856559</NtryRef>
				<Amt Ccy="USD">444.58</Amt>
				<CdtDbtInd>DBIT</CdtDbtInd>
				<Sts>BOOK</Sts>
				<BookgDt>
					<Dt>2021-08-25</Dt>
				</BookgDt>
				<ValDt>
					<Dt>2021-08-25</Dt>
				</ValDt>
				<AcctSvcrRef>4570229345</AcctSvcrRef>
				<Avlbty>
					<Dt>
						<NbOfDays>0</NbOfDays>
					</Dt>
					<Amt Ccy="USD">444.58</Amt>
					<CdtDbtInd>DBIT</CdtDbtInd>
				</Avlbty>
				<BkTxCd>
					<Domn>
						<Cd>PMNT</Cd>
						<Fmly>
							<Cd>ICHQ</Cd>
							<SubFmlyCd>CCHQ</SubFmlyCd>
						</Fmly>
					</Domn>
					<Prtry>
						<Cd>475</Cd>
						<Issr>BAI</Issr>
					</Prtry>
				</BkTxCd>
				<AmtDtls>
					<TxAmt>
						<Amt Ccy="USD">444.58</Amt>
					</TxAmt>
				</AmtDtls>
				<NtryDtls>
					<TxDtls>
						<Refs>
							<AcctSvcrRef>4570229345</AcctSvcrRef>
							<EndToEndId>553282</EndToEndId>
							<ChqNb>0000000553282</ChqNb>
						</Refs>
						<AmtDtls>
							<TxAmt>
								<Amt Ccy="USD">444.58</Amt>
							</TxAmt>
						</AmtDtls>
						<Avlbty>
							<Dt>
								<NbOfDays>0</NbOfDays>
							</Dt>
							<Amt Ccy="USD">444.58</Amt>
							<CdtDbtInd>DBIT</CdtDbtInd>
						</Avlbty>
					</TxDtls>
				</NtryDtls>
			</Ntry>
			<Ntry>
				<NtryRef>325087856558</NtryRef>
				<Amt Ccy="USD">36.25</Amt>
				<CdtDbtInd>DBIT</CdtDbtInd>
				<Sts>BOOK</Sts>
				<BookgDt>
					<Dt>2021-08-25</Dt>
				</BookgDt>
				<ValDt>
					<Dt>2021-08-25</Dt>
				</ValDt>
				<AcctSvcrRef>4570229346</AcctSvcrRef>
				<Avlbty>
					<Dt>
						<NbOfDays>0</NbOfDays>
					</Dt>
					<Amt Ccy="USD">36.25</Amt>
					<CdtDbtInd>DBIT</CdtDbtInd>
				</Avlbty>
				<BkTxCd>
					<Domn>
						<Cd>PMNT</Cd>
						<Fmly>
							<Cd>ICHQ</Cd>
							<SubFmlyCd>CCHQ</SubFmlyCd>
						</Fmly>
					</Domn>
					<Prtry>
						<Cd>475</Cd>
						<Issr>BAI</Issr>
					</Prtry>
				</BkTxCd>
				<AmtDtls>
					<TxAmt>
						<Amt Ccy="USD">36.25</Amt>
					</TxAmt>
				</AmtDtls>
				<NtryDtls>
					<TxDtls>
						<Refs>
							<AcctSvcrRef>4570229346</AcctSvcrRef>
							<EndToEndId>553283</EndToEndId>
							<ChqNb>0000000553283</ChqNb>
						</Refs>
						<AmtDtls>
							<TxAmt>
								<Amt Ccy="USD">36.25</Amt>
							</TxAmt>
						</AmtDtls>
						<Avlbty>
							<Dt>
								<NbOfDays>0</NbOfDays>
							</Dt>
							<Amt Ccy="USD">36.25</Amt>
							<CdtDbtInd>DBIT</CdtDbtInd>
						</Avlbty>
					</TxDtls>
				</NtryDtls>
			</Ntry>
		</Stmt>
		<Stmt>
			<Id>2021-08-31T09:24:09000000921259974</Id>
			<ElctrncSeqNb>0</ElctrncSeqNb>
			<CreDtTm>2021-08-31T13:24:09.0Z</CreDtTm>
			<Acct>
				<Id>
					<Othr>
						<Id>000000921259974</Id>
					</Othr>
				</Id>
				<Ccy>USD</Ccy>
				<Nm>FRESEN KABI USA LLC</Nm>
				<Svcr>
					<FinInstnId>
						<ClrSysMmbId>
							<ClrSysId>
								<Cd>USABA</Cd>
							</ClrSysId>
							<MmbId>071000013</MmbId>
						</ClrSysMmbId>
						<Nm>JPMorgan Chase Bank, N.A. (IL)</Nm>
					</FinInstnId>
				</Svcr>
			</Acct>
			<Bal>
				<Tp>
					<CdOrPrtry>
						<Cd>OPBD</Cd>
					</CdOrPrtry>
				</Tp>
				<Amt Ccy="USD">0.00</Amt>
				<CdtDbtInd>CRDT</CdtDbtInd>
				<Dt>
					<Dt>2021-08-25</Dt>
				</Dt>
			</Bal>
			<Bal>
				<Tp>
					<CdOrPrtry>
						<Cd>CLBD</Cd>
					</CdOrPrtry>
				</Tp>
				<Amt Ccy="USD">0.00</Amt>
				<CdtDbtInd>CRDT</CdtDbtInd>
				<Dt>
					<Dt>2021-08-25</Dt>
				</Dt>
			</Bal>
			<Bal>
				<Tp>
					<CdOrPrtry>
						<Cd>OPAV</Cd>
					</CdOrPrtry>
				</Tp>
				<Amt Ccy="USD">0.00</Amt>
				<CdtDbtInd>CRDT</CdtDbtInd>
				<Dt>
					<Dt>2021-08-25</Dt>
				</Dt>
			</Bal>
			<Bal>
				<Tp>
					<CdOrPrtry>
						<Cd>FWAV</Cd>
					</CdOrPrtry>
				</Tp>
				<Amt Ccy="USD">0.00</Amt>
				<CdtDbtInd>CRDT</CdtDbtInd>
				<Dt>
					<Dt>2021-08-26</Dt>
				</Dt>
			</Bal>
			<Bal>
				<Tp>
					<CdOrPrtry>
						<Cd>CLAV</Cd>
					</CdOrPrtry>
				</Tp>
				<Amt Ccy="USD">0.00</Amt>
				<CdtDbtInd>CRDT</CdtDbtInd>
				<Dt>
					<Dt>2021-08-25</Dt>
				</Dt>
			</Bal>
			<TxsSummry>
				<TtlNtries>
					<NbOfNtries>0</NbOfNtries>
					<Sum>0.00</Sum>
					<TtlNetNtryAmt>0.00</TtlNetNtryAmt>
					<CdtDbtInd>CRDT</CdtDbtInd>
				</TtlNtries>
				<TtlCdtNtries>
					<NbOfNtries>0</NbOfNtries>
					<Sum>0.00</Sum>
				</TtlCdtNtries>
				<TtlDbtNtries>
					<NbOfNtries>0</NbOfNtries>
					<Sum>0.00</Sum>
				</TtlDbtNtries>
			</TxsSummry>
			<Ntry>
				<NtryRef>325087550378</NtryRef>
				<Amt Ccy="USD">43362.17</Amt>
				<CdtDbtInd>CRDT</CdtDbtInd>
				<Sts>BOOK</Sts>
				<BookgDt>
					<Dt>2021-08-25</Dt>
				</BookgDt>
				<ValDt>
					<Dt>2021-08-25</Dt>
				</ValDt>
				<AcctSvcrRef>0072820300XF</AcctSvcrRef>
				<Avlbty>
					<Dt>
						<NbOfDays>0</NbOfDays>
					</Dt>
					<Amt Ccy="USD">43362.17</Amt>
					<CdtDbtInd>CRDT</CdtDbtInd>
				</Avlbty>
				<BkTxCd>
					<Domn>
						<Cd>CAMT</Cd>
						<Fmly>
							<Cd>ACCB</Cd>
							<SubFmlyCd>ZABA</SubFmlyCd>
						</Fmly>
					</Domn>
					<Prtry>
						<Cd>275</Cd>
						<Issr>BAI</Issr>
					</Prtry>
				</BkTxCd>
				<AmtDtls>
					<TxAmt>
						<Amt Ccy="USD">43362.17</Amt>
					</TxAmt>
				</AmtDtls>
				<NtryDtls>
					<TxDtls>
						<Refs>
							<AcctSvcrRef>0072820300XF</AcctSvcrRef>
							<EndToEndId>352818170</EndToEndId>
						</Refs>
						<AmtDtls>
							<TxAmt>
								<Amt Ccy="USD">43362.17</Amt>
							</TxAmt>
						</AmtDtls>
						<Avlbty>
							<Dt>
								<NbOfDays>0</NbOfDays>
							</Dt>
							<Amt Ccy="USD">43362.17</Amt>
							<CdtDbtInd>CRDT</CdtDbtInd>
						</Avlbty>
						<RmtInf>
							<Ustrd>REMARK=CASH CONCENTRATION TRANSFER CREDIT FROM ACCOUNT 000000352818170 TRN: 0072820300XF</Ustrd>
						</RmtInf>
					</TxDtls>
				</NtryDtls>
			</Ntry>
			<Ntry>
				<NtryRef>325087550379</NtryRef>
				<Amt Ccy="USD">29924.70</Amt>
				<CdtDbtInd>DBIT</CdtDbtInd>
				<Sts>BOOK</Sts>
				<BookgDt>
					<Dt>2021-08-25</Dt>
				</BookgDt>
				<ValDt>
					<Dt>2021-08-25</Dt>
				</ValDt>
				<AcctSvcrRef>2366579296TC</AcctSvcrRef>
				<Avlbty>
					<Dt>
						<NbOfDays>0</NbOfDays>
					</Dt>
					<Amt Ccy="USD">29924.70</Amt>
					<CdtDbtInd>DBIT</CdtDbtInd>
				</Avlbty>
				<BkTxCd>
					<Domn>
						<Cd>PMNT</Cd>
						<Fmly>
							<Cd>RDDT</Cd>
							<SubFmlyCd>ADBT</SubFmlyCd>
						</Fmly>
					</Domn>
					<Prtry>
						<Cd>455</Cd>
						<Issr>BAI</Issr>
					</Prtry>
				</BkTxCd>
				<AmtDtls>
					<TxAmt>
						<Amt Ccy="USD">29924.70</Amt>
					</TxAmt>
				</AmtDtls>
				<NtryDtls>
					<TxDtls>
						<Refs>
							<AcctSvcrRef>2366579296TC</AcctSvcrRef>
							<EndToEndId>1010278678</EndToEndId>
							<TxId>111000016579296</TxId>
							<Prtry>
								<Tp>ENTRY CLASS</Tp>
								<Ref>PPD</Ref>
							</Prtry>
						</Refs>
						<AmtDtls>
							<TxAmt>
								<Amt Ccy="USD">29924.70</Amt>
							</TxAmt>
						</AmtDtls>
						<Avlbty>
							<Dt>
								<NbOfDays>0</NbOfDays>
							</Dt>
							<Amt Ccy="USD">29924.70</Amt>
							<CdtDbtInd>DBIT</CdtDbtInd>
						</Avlbty>
						<RltdPties>
							<Dbtr>
								<Nm>FRESENIUS KABI USA, LL</Nm>
							</Dbtr>
							<Cdtr>
								<Nm>UNUMGROUP955</Nm>
								<Id>
									<OrgId>
										<Othr>
											<Id>1010278678</Id>
										</Othr>
									</OrgId>
								</Id>
							</Cdtr>
						</RltdPties>
						<RltdAgts>
							<CdtrAgt>
								<FinInstnId>
									<Nm>BANK OF AMERICA, N.A.</Nm>
								</FinInstnId>
							</CdtrAgt>
						</RltdAgts>
						<Purp>
							<Prtry>INSURANCE</Prtry>
						</Purp>
						<RmtInf>
							<Ustrd>DESC DATE=210823;ENTRY DATE=210825;IND NAME=FRESENIUS KABI USA, LL;REMARK=01 UNUM GROUP 042032977720210823</Ustrd>
						</RmtInf>
					</TxDtls>
				</NtryDtls>
			</Ntry>
			<Ntry>
				<NtryRef>325087550380</NtryRef>
				<Amt Ccy="USD">13437.47</Amt>
				<CdtDbtInd>DBIT</CdtDbtInd>
				<Sts>BOOK</Sts>
				<BookgDt>
					<Dt>2021-08-25</Dt>
				</BookgDt>
				<ValDt>
					<Dt>2021-08-25</Dt>
				</ValDt>
				<AcctSvcrRef>2366579299TC</AcctSvcrRef>
				<Avlbty>
					<Dt>
						<NbOfDays>0</NbOfDays>
					</Dt>
					<Amt Ccy="USD">13437.47</Amt>
					<CdtDbtInd>DBIT</CdtDbtInd>
				</Avlbty>
				<BkTxCd>
					<Domn>
						<Cd>PMNT</Cd>
						<Fmly>
							<Cd>ICDT</Cd>
							<SubFmlyCd>ASET</SubFmlyCd>
						</Fmly>
					</Domn>
					<Prtry>
						<Cd>466</Cd>
						<Issr>BAI</Issr>
					</Prtry>
				</BkTxCd>
				<AmtDtls>
					<TxAmt>
						<Amt Ccy="USD">13437.47</Amt>
					</TxAmt>
				</AmtDtls>
				<NtryDtls>
					<TxDtls>
						<Refs>
							<AcctSvcrRef>2366579299TC</AcctSvcrRef>
							<EndToEndId>2300431736</EndToEndId>
							<TxId>021000026579299</TxId>
							<Prtry>
								<Tp>ENTRY CLASS</Tp>
								<Ref>CCD</Ref>
							</Prtry>
						</Refs>
						<AmtDtls>
							<TxAmt>
								<Amt Ccy="USD">13437.47</Amt>
							</TxAmt>
						</AmtDtls>
						<Avlbty>
							<Dt>
								<NbOfDays>0</NbOfDays>
							</Dt>
							<Amt Ccy="USD">13437.47</Amt>
							<CdtDbtInd>DBIT</CdtDbtInd>
						</Avlbty>
						<RltdPties>
							<Cdtr>
								<Nm>FRESENIUS KABI U</Nm>
								<Id>
									<OrgId>
										<Othr>
											<Id>2300431736</Id>
										</Othr>
									</OrgId>
								</Id>
							</Cdtr>
						</RltdPties>
						<RltdAgts>
							<CdtrAgt>
								<FinInstnId>
									<Nm>JPMorgan Chase Bank, N.A. (NY)</Nm>
								</FinInstnId>
							</CdtrAgt>
						</RltdAgts>
						<Purp>
							<Prtry>PAYMENTS</Prtry>
						</Purp>
						<RmtInf>
							<Ustrd>COMPANY DATA=210824 FYL4SB;DESC DATE=OFFSET;ENTRY DATE=210825;IND NAME=EFT FILE NAME: FYL4SB;REMARK=EFT/ACH CREATED OFFSET FOR ORIGIN#:13004</Ustrd>
							<Ustrd>31736 CO EFF DATE: 21/08/25</Ustrd>
						</RmtInf>
					</TxDtls>
				</NtryDtls>
				<AddtlNtryInf>EFT FILE NAME: FYL4SB</AddtlNtryInf>
			</Ntry>
		</Stmt>
		<Stmt>
			<Id>2021-08-31T09:24:09000000921259990</Id>
			<ElctrncSeqNb>0</ElctrncSeqNb>
			<CreDtTm>2021-08-31T13:24:09.0Z</CreDtTm>
			<Acct>
				<Id>
					<Othr>
						<Id>000000921259990</Id>
					</Othr>
				</Id>
				<Ccy>USD</Ccy>
				<Nm>FRESEN KABI USA LLC</Nm>
				<Svcr>
					<FinInstnId>
						<ClrSysMmbId>
							<ClrSysId>
								<Cd>USABA</Cd>
							</ClrSysId>
							<MmbId>071000013</MmbId>
						</ClrSysMmbId>
						<Nm>JPMorgan Chase Bank, N.A. (IL)</Nm>
					</FinInstnId>
				</Svcr>
			</Acct>
			<Bal>
				<Tp>
					<CdOrPrtry>
						<Cd>OPBD</Cd>
					</CdOrPrtry>
				</Tp>
				<Amt Ccy="USD">0.00</Amt>
				<CdtDbtInd>CRDT</CdtDbtInd>
				<Dt>
					<Dt>2021-08-25</Dt>
				</Dt>
			</Bal>
			<Bal>
				<Tp>
					<CdOrPrtry>
						<Cd>CLBD</Cd>
					</CdOrPrtry>
				</Tp>
				<Amt Ccy="USD">0.00</Amt>
				<CdtDbtInd>CRDT</CdtDbtInd>
				<Dt>
					<Dt>2021-08-25</Dt>
				</Dt>
			</Bal>
			<Bal>
				<Tp>
					<CdOrPrtry>
						<Cd>OPAV</Cd>
					</CdOrPrtry>
				</Tp>
				<Amt Ccy="USD">0.00</Amt>
				<CdtDbtInd>CRDT</CdtDbtInd>
				<Dt>
					<Dt>2021-08-25</Dt>
				</Dt>
			</Bal>
			<Bal>
				<Tp>
					<CdOrPrtry>
						<Cd>FWAV</Cd>
					</CdOrPrtry>
				</Tp>
				<Amt Ccy="USD">0.00</Amt>
				<CdtDbtInd>CRDT</CdtDbtInd>
				<Dt>
					<Dt>2021-08-26</Dt>
				</Dt>
			</Bal>
			<Bal>
				<Tp>
					<CdOrPrtry>
						<Cd>CLAV</Cd>
					</CdOrPrtry>
				</Tp>
				<Amt Ccy="USD">0.00</Amt>
				<CdtDbtInd>CRDT</CdtDbtInd>
				<Dt>
					<Dt>2021-08-25</Dt>
				</Dt>
			</Bal>
			<TxsSummry>
				<TtlNtries>
					<NbOfNtries>0</NbOfNtries>
					<Sum>0.00</Sum>
					<TtlNetNtryAmt>0.00</TtlNetNtryAmt>
					<CdtDbtInd>CRDT</CdtDbtInd>
				</TtlNtries>
				<TtlCdtNtries>
					<NbOfNtries>0</NbOfNtries>
					<Sum>0.00</Sum>
				</TtlCdtNtries>
				<TtlDbtNtries>
					<NbOfNtries>0</NbOfNtries>
					<Sum>0.00</Sum>
				</TtlDbtNtries>
			</TxsSummry>
			<Ntry>
				<NtryRef>325087652988</NtryRef>
				<Amt Ccy="USD">57509.68</Amt>
				<CdtDbtInd>CRDT</CdtDbtInd>
				<Sts>BOOK</Sts>
				<BookgDt>
					<Dt>2021-08-25</Dt>
				</BookgDt>
				<ValDt>
					<Dt>2021-08-25</Dt>
				</ValDt>
				<AcctSvcrRef>0072960300XF</AcctSvcrRef>
				<Avlbty>
					<Dt>
						<NbOfDays>0</NbOfDays>
					</Dt>
					<Amt Ccy="USD">57509.68</Amt>
					<CdtDbtInd>CRDT</CdtDbtInd>
				</Avlbty>
				<BkTxCd>
					<Domn>
						<Cd>CAMT</Cd>
						<Fmly>
							<Cd>ACCB</Cd>
							<SubFmlyCd>ZABA</SubFmlyCd>
						</Fmly>
					</Domn>
					<Prtry>
						<Cd>275</Cd>
						<Issr>BAI</Issr>
					</Prtry>
				</BkTxCd>
				<AmtDtls>
					<TxAmt>
						<Amt Ccy="USD">57509.68</Amt>
					</TxAmt>
				</AmtDtls>
				<NtryDtls>
					<TxDtls>
						<Refs>
							<AcctSvcrRef>0072960300XF</AcctSvcrRef>
							<EndToEndId>352818170</EndToEndId>
						</Refs>
						<AmtDtls>
							<TxAmt>
								<Amt Ccy="USD">57509.68</Amt>
							</TxAmt>
						</AmtDtls>
						<Avlbty>
							<Dt>
								<NbOfDays>0</NbOfDays>
							</Dt>
							<Amt Ccy="USD">57509.68</Amt>
							<CdtDbtInd>CRDT</CdtDbtInd>
						</Avlbty>
						<RmtInf>
							<Ustrd>REMARK=CASH CONCENTRATION TRANSFER CREDIT FROM ACCOUNT 000000352818170 TRN: 0072960300XF</Ustrd>
						</RmtInf>
					</TxDtls>
				</NtryDtls>
			</Ntry>
			<Ntry>
				<NtryRef>325087652989</NtryRef>
				<Amt Ccy="USD">57509.68</Amt>
				<CdtDbtInd>DBIT</CdtDbtInd>
				<Sts>BOOK</Sts>
				<BookgDt>
					<Dt>2021-08-25</Dt>
				</BookgDt>
				<ValDt>
					<Dt>2021-08-25</Dt>
				</ValDt>
				<AcctSvcrRef>2374532296TC</AcctSvcrRef>
				<Avlbty>
					<Dt>
						<NbOfDays>0</NbOfDays>
					</Dt>
					<Amt Ccy="USD">57509.68</Amt>
					<CdtDbtInd>DBIT</CdtDbtInd>
				</Avlbty>
				<BkTxCd>
					<Domn>
						<Cd>PMNT</Cd>
						<Fmly>
							<Cd>RDDT</Cd>
							<SubFmlyCd>ADBT</SubFmlyCd>
						</Fmly>
					</Domn>
					<Prtry>
						<Cd>455</Cd>
						<Issr>BAI</Issr>
					</Prtry>
				</BkTxCd>
				<AmtDtls>
					<TxAmt>
						<Amt Ccy="USD">57509.68</Amt>
					</TxAmt>
				</AmtDtls>
				<NtryDtls>
					<TxDtls>
						<Refs>
							<AcctSvcrRef>2374532296TC</AcctSvcrRef>
							<EndToEndId>FRESENIUS</EndToEndId>
							<TxId>242071754532296</TxId>
							<Prtry>
								<Tp>ENTRY CLASS</Tp>
								<Ref>CCD</Ref>
							</Prtry>
						</Refs>
						<AmtDtls>
							<TxAmt>
								<Amt Ccy="USD">57509.68</Amt>
							</TxAmt>
						</AmtDtls>
						<Avlbty>
							<Dt>
								<NbOfDays>0</NbOfDays>
							</Dt>
							<Amt Ccy="USD">57509.68</Amt>
							<CdtDbtInd>DBIT</CdtDbtInd>
						</Avlbty>
						<RltdPties>
							<Dbtr>
								<Nm>FRESENIUS KABI USA, LL</Nm>
							</Dbtr>
							<Cdtr>
								<Nm>Delta Dental IL</Nm>
								<Id>
									<OrgId>
										<Othr>
											<Id>1362612058</Id>
										</Othr>
									</OrgId>
								</Id>
							</Cdtr>
						</RltdPties>
						<RltdAgts>
							<CdtrAgt>
								<FinInstnId>
									<Nm>24207175</Nm>
								</FinInstnId>
							</CdtrAgt>
						</RltdAgts>
						<Purp>
							<Prtry>ASO Pymt</Prtry>
						</Purp>
						<RmtInf>
							<Ustrd>ENTRY DATE=210825;IND NAME=FRESENIUS KABI USA, LL</Ustrd>
						</RmtInf>
					</TxDtls>
				</NtryDtls>
			</Ntry>
		</Stmt>
	</BkToCstmrStmt>
</Document>
