<?xml version="1.0" encoding="UTF-8"?>
<Document xmlns="urn:iso:std:iso:20022:tech:xsd:camt.053.001.02" xmlns:xsi="http://www.w3.org/2001/XMLSchema-instance">
	<BkToCstmrStmt>
		<GrpHdr>
			<MsgId>NDM_5030157148331723481.tmp</MsgId>
			<CreDtTm>2021-08-31T13:24:16.0Z</CreDtTm>
			<MsgRcpt>
				<Id>
					<OrgId>
						<Othr>
							<Id>16371113</Id>
						</Othr>
					</OrgId>
				</Id>
			</MsgRcpt>
			<AddtlInf>Report Map = PRIOR DAY BALTRAN CUMULATIVE</AddtlInf>
		</GrpHdr>
		<Stmt>
			<Id>2021-08-31T09:24:16000000352818170</Id>
			<ElctrncSeqNb>0</ElctrncSeqNb>
			<CreDtTm>2021-08-31T13:24:16.0Z</CreDtTm>
			<Acct>
				<Id>
					<Othr>
						<Id>000000352818170</Id>
					</Othr>
				</Id>
				<Ccy>USD</Ccy>
				<Nm>FRESEN KABI USA LLC</Nm>
				<Svcr>
					<FinInstnId>
						<ClrSysMmbId>
							<ClrSysId>
								<Cd>USABA</Cd>
							</ClrSysId>
							<MmbId>071000013</MmbId>
						</ClrSysMmbId>
						<Nm>JPMorgan Chase Bank, N.A. (IL)</Nm>
					</FinInstnId>
				</Svcr>
			</Acct>
			<Bal>
				<Tp>
					<CdOrPrtry>
						<Cd>OPBD</Cd>
					</CdOrPrtry>
				</Tp>
				<Amt Ccy="USD">0.00</Amt>
				<CdtDbtInd>CRDT</CdtDbtInd>
				<Dt>
					<Dt>2021-08-26</Dt>
				</Dt>
			</Bal>
			<Bal>
				<Tp>
					<CdOrPrtry>
						<Cd>CLBD</Cd>
					</CdOrPrtry>
				</Tp>
				<Amt Ccy="USD">0.00</Amt>
				<CdtDbtInd>CRDT</CdtDbtInd>
				<Dt>
					<Dt>2021-08-26</Dt>
				</Dt>
			</Bal>
			<Bal>
				<Tp>
					<CdOrPrtry>
						<Cd>OPAV</Cd>
					</CdOrPrtry>
				</Tp>
				<Amt Ccy="USD">0.00</Amt>
				<CdtDbtInd>CRDT</CdtDbtInd>
				<Dt>
					<Dt>2021-08-26</Dt>
				</Dt>
			</Bal>
			<Bal>
				<Tp>
					<CdOrPrtry>
						<Cd>FWAV</Cd>
					</CdOrPrtry>
				</Tp>
				<Amt Ccy="USD">0.00</Amt>
				<CdtDbtInd>CRDT</CdtDbtInd>
				<Dt>
					<Dt>2021-08-27</Dt>
				</Dt>
			</Bal>
			<Bal>
				<Tp>
					<CdOrPrtry>
						<Cd>CLAV</Cd>
					</CdOrPrtry>
				</Tp>
				<Amt Ccy="USD">0.00</Amt>
				<CdtDbtInd>CRDT</CdtDbtInd>
				<Dt>
					<Dt>2021-08-26</Dt>
				</Dt>
			</Bal>
			<TxsSummry>
				<TtlNtries>
					<NbOfNtries>0</NbOfNtries>
					<Sum>0.00</Sum>
					<TtlNetNtryAmt>0.00</TtlNetNtryAmt>
					<CdtDbtInd>CRDT</CdtDbtInd>
				</TtlNtries>
				<TtlCdtNtries>
					<NbOfNtries>0</NbOfNtries>
					<Sum>0.00</Sum>
				</TtlCdtNtries>
				<TtlDbtNtries>
					<NbOfNtries>0</NbOfNtries>
					<Sum>0.00</Sum>
				</TtlDbtNtries>
			</TxsSummry>
			<Ntry>
				<NtryRef>325235030143</NtryRef>
				<Amt Ccy="USD">24830385.83</Amt>
				<CdtDbtInd>CRDT</CdtDbtInd>
				<Sts>BOOK</Sts>
				<BookgDt>
					<Dt>2021-08-26</Dt>
				</BookgDt>
				<ValDt>
					<Dt>2021-08-26</Dt>
				</ValDt>
				<AcctSvcrRef>0075280300XF</AcctSvcrRef>
				<Avlbty>
					<Dt>
						<NbOfDays>0</NbOfDays>
					</Dt>
					<Amt Ccy="USD">25062833.83</Amt>
					<CdtDbtInd>CRDT</CdtDbtInd>
				</Avlbty>
				<Avlbty>
					<Dt>
						<NbOfDays>1</NbOfDays>
					</Dt>
					<Amt Ccy="USD">199190.00</Amt>
					<CdtDbtInd>DBIT</CdtDbtInd>
				</Avlbty>
				<Avlbty>
					<Dt>
						<NbOfDays>2</NbOfDays>
					</Dt>
					<Amt Ccy="USD">33258.00</Amt>
					<CdtDbtInd>DBIT</CdtDbtInd>
				</Avlbty>
				<BkTxCd>
					<Domn>
						<Cd>CAMT</Cd>
						<Fmly>
							<Cd>ACCB</Cd>
							<SubFmlyCd>ZABA</SubFmlyCd>
						</Fmly>
					</Domn>
					<Prtry>
						<Cd>275</Cd>
						<Issr>BAI</Issr>
					</Prtry>
				</BkTxCd>
				<AmtDtls>
					<TxAmt>
						<Amt Ccy="USD">24830385.83</Amt>
					</TxAmt>
				</AmtDtls>
				<NtryDtls>
					<TxDtls>
						<Refs>
							<AcctSvcrRef>0075280300XF</AcctSvcrRef>
							<EndToEndId>912292633</EndToEndId>
						</Refs>
						<AmtDtls>
							<TxAmt>
								<Amt Ccy="USD">24830385.83</Amt>
							</TxAmt>
						</AmtDtls>
						<Avlbty>
							<Dt>
								<NbOfDays>0</NbOfDays>
							</Dt>
							<Amt Ccy="USD">25062833.83</Amt>
							<CdtDbtInd>CRDT</CdtDbtInd>
						</Avlbty>
						<Avlbty>
							<Dt>
								<NbOfDays>1</NbOfDays>
							</Dt>
							<Amt Ccy="USD">199190.00</Amt>
							<CdtDbtInd>DBIT</CdtDbtInd>
						</Avlbty>
						<Avlbty>
							<Dt>
								<NbOfDays>2</NbOfDays>
							</Dt>
							<Amt Ccy="USD">33258.00</Amt>
							<CdtDbtInd>DBIT</CdtDbtInd>
						</Avlbty>
						<RmtInf>
							<Ustrd>REMARK=CASH CONCENTRATION TRANSFER CREDIT FROM ACCOUNT 000000912292633 TRN: 0075280300XF</Ustrd>
						</RmtInf>
					</TxDtls>
				</NtryDtls>
			</Ntry>
			<Ntry>
				<NtryRef>325235030142</NtryRef>
				<Amt Ccy="USD">785991.09</Amt>
				<CdtDbtInd>CRDT</CdtDbtInd>
				<Sts>BOOK</Sts>
				<BookgDt>
					<Dt>2021-08-26</Dt>
				</BookgDt>
				<ValDt>
					<Dt>2021-08-26</Dt>
				</ValDt>
				<AcctSvcrRef>0074280300XF</AcctSvcrRef>
				<Avlbty>
					<Dt>
						<NbOfDays>0</NbOfDays>
					</Dt>
					<Amt Ccy="USD">553543.09</Amt>
					<CdtDbtInd>CRDT</CdtDbtInd>
				</Avlbty>
				<Avlbty>
					<Dt>
						<NbOfDays>1</NbOfDays>
					</Dt>
					<Amt Ccy="USD">199190.00</Amt>
					<CdtDbtInd>CRDT</CdtDbtInd>
				</Avlbty>
				<Avlbty>
					<Dt>
						<NbOfDays>2</NbOfDays>
					</Dt>
					<Amt Ccy="USD">33258.00</Amt>
					<CdtDbtInd>CRDT</CdtDbtInd>
				</Avlbty>
				<BkTxCd>
					<Domn>
						<Cd>CAMT</Cd>
						<Fmly>
							<Cd>ACCB</Cd>
							<SubFmlyCd>ZABA</SubFmlyCd>
						</Fmly>
					</Domn>
					<Prtry>
						<Cd>275</Cd>
						<Issr>BAI</Issr>
					</Prtry>
				</BkTxCd>
				<AmtDtls>
					<TxAmt>
						<Amt Ccy="USD">785991.09</Amt>
					</TxAmt>
				</AmtDtls>
				<NtryDtls>
					<TxDtls>
						<Refs>
							<AcctSvcrRef>0074280300XF</AcctSvcrRef>
							<EndToEndId>921260014</EndToEndId>
						</Refs>
						<AmtDtls>
							<TxAmt>
								<Amt Ccy="USD">785991.09</Amt>
							</TxAmt>
						</AmtDtls>
						<Avlbty>
							<Dt>
								<NbOfDays>0</NbOfDays>
							</Dt>
							<Amt Ccy="USD">553543.09</Amt>
							<CdtDbtInd>CRDT</CdtDbtInd>
						</Avlbty>
						<Avlbty>
							<Dt>
								<NbOfDays>1</NbOfDays>
							</Dt>
							<Amt Ccy="USD">199190.00</Amt>
							<CdtDbtInd>CRDT</CdtDbtInd>
						</Avlbty>
						<Avlbty>
							<Dt>
								<NbOfDays>2</NbOfDays>
							</Dt>
							<Amt Ccy="USD">33258.00</Amt>
							<CdtDbtInd>CRDT</CdtDbtInd>
						</Avlbty>
						<RmtInf>
							<Ustrd>REMARK=CASH CONCENTRATION TRANSFER CREDIT FROM ACCOUNT 000000921260014 TRN: 0074280300XF</Ustrd>
						</RmtInf>
					</TxDtls>
				</NtryDtls>
			</Ntry>
			<Ntry>
				<NtryRef>325235030141</NtryRef>
				<Amt Ccy="USD">23487735.33</Amt>
				<CdtDbtInd>DBIT</CdtDbtInd>
				<Sts>BOOK</Sts>
				<BookgDt>
					<Dt>2021-08-26</Dt>
				</BookgDt>
				<ValDt>
					<Dt>2021-08-26</Dt>
				</ValDt>
				<AcctSvcrRef>0073990300XF</AcctSvcrRef>
				<Avlbty>
					<Dt>
						<NbOfDays>0</NbOfDays>
					</Dt>
					<Amt Ccy="USD">23487735.33</Amt>
					<CdtDbtInd>DBIT</CdtDbtInd>
				</Avlbty>
				<BkTxCd>
					<Domn>
						<Cd>CAMT</Cd>
						<Fmly>
							<Cd>ACCB</Cd>
							<SubFmlyCd>ZABA</SubFmlyCd>
						</Fmly>
					</Domn>
					<Prtry>
						<Cd>575</Cd>
						<Issr>BAI</Issr>
					</Prtry>
				</BkTxCd>
				<AmtDtls>
					<TxAmt>
						<Amt Ccy="USD">23487735.33</Amt>
					</TxAmt>
				</AmtDtls>
				<NtryDtls>
					<TxDtls>
						<Refs>
							<AcctSvcrRef>0073990300XF</AcctSvcrRef>
							<EndToEndId>921259974</EndToEndId>
						</Refs>
						<AmtDtls>
							<TxAmt>
								<Amt Ccy="USD">23487735.33</Amt>
							</TxAmt>
						</AmtDtls>
						<Avlbty>
							<Dt>
								<NbOfDays>0</NbOfDays>
							</Dt>
							<Amt Ccy="USD">23487735.33</Amt>
							<CdtDbtInd>DBIT</CdtDbtInd>
						</Avlbty>
						<RmtInf>
							<Ustrd>REMARK=CASH CONCENTRATION TRANSFER DEBIT TO ACCOUNT 000000921259974 TRN: 0073990300XF</Ustrd>
						</RmtInf>
					</TxDtls>
				</NtryDtls>
			</Ntry>
			<Ntry>
				<NtryRef>325235030140</NtryRef>
				<Amt Ccy="USD">1623715.76</Amt>
				<CdtDbtInd>DBIT</CdtDbtInd>
				<Sts>BOOK</Sts>
				<BookgDt>
					<Dt>2021-08-26</Dt>
				</BookgDt>
				<ValDt>
					<Dt>2021-08-26</Dt>
				</ValDt>
				<AcctSvcrRef>0074130300XF</AcctSvcrRef>
				<Avlbty>
					<Dt>
						<NbOfDays>0</NbOfDays>
					</Dt>
					<Amt Ccy="USD">1623715.76</Amt>
					<CdtDbtInd>DBIT</CdtDbtInd>
				</Avlbty>
				<BkTxCd>
					<Domn>
						<Cd>CAMT</Cd>
						<Fmly>
							<Cd>ACCB</Cd>
							<SubFmlyCd>ZABA</SubFmlyCd>
						</Fmly>
					</Domn>
					<Prtry>
						<Cd>575</Cd>
						<Issr>BAI</Issr>
					</Prtry>
				</BkTxCd>
				<AmtDtls>
					<TxAmt>
						<Amt Ccy="USD">1623715.76</Amt>
					</TxAmt>
				</AmtDtls>
				<NtryDtls>
					<TxDtls>
						<Refs>
							<AcctSvcrRef>0074130300XF</AcctSvcrRef>
							<EndToEndId>921259990</EndToEndId>
						</Refs>
						<AmtDtls>
							<TxAmt>
								<Amt Ccy="USD">1623715.76</Amt>
							</TxAmt>
						</AmtDtls>
						<Avlbty>
							<Dt>
								<NbOfDays>0</NbOfDays>
							</Dt>
							<Amt Ccy="USD">1623715.76</Amt>
							<CdtDbtInd>DBIT</CdtDbtInd>
						</Avlbty>
						<RmtInf>
							<Ustrd>REMARK=CASH CONCENTRATION TRANSFER DEBIT TO ACCOUNT 000000921259990 TRN: 0074130300XF</Ustrd>
						</RmtInf>
					</TxDtls>
				</NtryDtls>
			</Ntry>
			<Ntry>
				<NtryRef>325235030139</NtryRef>
				<Amt Ccy="USD">486986.31</Amt>
				<CdtDbtInd>DBIT</CdtDbtInd>
				<Sts>BOOK</Sts>
				<BookgDt>
					<Dt>2021-08-26</Dt>
				</BookgDt>
				<ValDt>
					<Dt>2021-08-26</Dt>
				</ValDt>
				<AcctSvcrRef>0073610300XF</AcctSvcrRef>
				<Avlbty>
					<Dt>
						<NbOfDays>0</NbOfDays>
					</Dt>
					<Amt Ccy="USD">486986.31</Amt>
					<CdtDbtInd>DBIT</CdtDbtInd>
				</Avlbty>
				<BkTxCd>
					<Domn>
						<Cd>CAMT</Cd>
						<Fmly>
							<Cd>ACCB</Cd>
							<SubFmlyCd>ZABA</SubFmlyCd>
						</Fmly>
					</Domn>
					<Prtry>
						<Cd>575</Cd>
						<Issr>BAI</Issr>
					</Prtry>
				</BkTxCd>
				<AmtDtls>
					<TxAmt>
						<Amt Ccy="USD">486986.31</Amt>
					</TxAmt>
				</AmtDtls>
				<NtryDtls>
					<TxDtls>
						<Refs>
							<AcctSvcrRef>0073610300XF</AcctSvcrRef>
							<EndToEndId>921259958</EndToEndId>
						</Refs>
						<AmtDtls>
							<TxAmt>
								<Amt Ccy="USD">486986.31</Amt>
							</TxAmt>
						</AmtDtls>
						<Avlbty>
							<Dt>
								<NbOfDays>0</NbOfDays>
							</Dt>
							<Amt Ccy="USD">486986.31</Amt>
							<CdtDbtInd>DBIT</CdtDbtInd>
						</Avlbty>
						<RmtInf>
							<Ustrd>REMARK=CASH CONCENTRATION TRANSFER DEBIT TO ACCOUNT 000000921259958 TRN: 0073610300XF</Ustrd>
						</RmtInf>
					</TxDtls>
				</NtryDtls>
			</Ntry>
			<Ntry>
				<NtryRef>325235030138</NtryRef>
				<Amt Ccy="USD">17939.52</Amt>
				<CdtDbtInd>DBIT</CdtDbtInd>
				<Sts>BOOK</Sts>
				<BookgDt>
					<Dt>2021-08-26</Dt>
				</BookgDt>
				<ValDt>
					<Dt>2021-08-26</Dt>
				</ValDt>
				<AcctSvcrRef>0073350300XF</AcctSvcrRef>
				<Avlbty>
					<Dt>
						<NbOfDays>0</NbOfDays>
					</Dt>
					<Amt Ccy="USD">17939.52</Amt>
					<CdtDbtInd>DBIT</CdtDbtInd>
				</Avlbty>
				<BkTxCd>
					<Domn>
						<Cd>CAMT</Cd>
						<Fmly>
							<Cd>ACCB</Cd>
							<SubFmlyCd>ZABA</SubFmlyCd>
						</Fmly>
					</Domn>
					<Prtry>
						<Cd>575</Cd>
						<Issr>BAI</Issr>
					</Prtry>
				</BkTxCd>
				<AmtDtls>
					<TxAmt>
						<Amt Ccy="USD">17939.52</Amt>
					</TxAmt>
				</AmtDtls>
				<NtryDtls>
					<TxDtls>
						<Refs>
							<AcctSvcrRef>0073350300XF</AcctSvcrRef>
							<EndToEndId>826205531</EndToEndId>
						</Refs>
						<AmtDtls>
							<TxAmt>
								<Amt Ccy="USD">17939.52</Amt>
							</TxAmt>
						</AmtDtls>
						<Avlbty>
							<Dt>
								<NbOfDays>0</NbOfDays>
							</Dt>
							<Amt Ccy="USD">17939.52</Amt>
							<CdtDbtInd>DBIT</CdtDbtInd>
						</Avlbty>
						<RmtInf>
							<Ustrd>REMARK=CASH CONCENTRATION TRANSFER DEBIT TO ACCOUNT 000000826205531 TRN: 0073350300XF</Ustrd>
						</RmtInf>
					</TxDtls>
				</NtryDtls>
			</Ntry>
		</Stmt>
		<Stmt>
			<Id>2021-08-31T09:24:16000000826205531</Id>
			<ElctrncSeqNb>0</ElctrncSeqNb>
			<CreDtTm>2021-08-31T13:24:16.0Z</CreDtTm>
			<Acct>
				<Id>
					<Othr>
						<Id>000000826205531</Id>
					</Othr>
				</Id>
				<Ccy>USD</Ccy>
				<Nm>Fresen Kabi Comp LLC</Nm>
				<Svcr>
					<FinInstnId>
						<ClrSysMmbId>
							<ClrSysId>
								<Cd>USABA</Cd>
							</ClrSysId>
							<MmbId>071000013</MmbId>
						</ClrSysMmbId>
						<Nm>JPMorgan Chase Bank, N.A. (IL)</Nm>
					</FinInstnId>
				</Svcr>
			</Acct>
			<Bal>
				<Tp>
					<CdOrPrtry>
						<Cd>OPBD</Cd>
					</CdOrPrtry>
				</Tp>
				<Amt Ccy="USD">0.00</Amt>
				<CdtDbtInd>CRDT</CdtDbtInd>
				<Dt>
					<Dt>2021-08-26</Dt>
				</Dt>
			</Bal>
			<Bal>
				<Tp>
					<CdOrPrtry>
						<Cd>CLBD</Cd>
					</CdOrPrtry>
				</Tp>
				<Amt Ccy="USD">0.00</Amt>
				<CdtDbtInd>CRDT</CdtDbtInd>
				<Dt>
					<Dt>2021-08-26</Dt>
				</Dt>
			</Bal>
			<Bal>
				<Tp>
					<CdOrPrtry>
						<Cd>OPAV</Cd>
					</CdOrPrtry>
				</Tp>
				<Amt Ccy="USD">0.00</Amt>
				<CdtDbtInd>CRDT</CdtDbtInd>
				<Dt>
					<Dt>2021-08-26</Dt>
				</Dt>
			</Bal>
			<Bal>
				<Tp>
					<CdOrPrtry>
						<Cd>FWAV</Cd>
					</CdOrPrtry>
				</Tp>
				<Amt Ccy="USD">0.00</Amt>
				<CdtDbtInd>CRDT</CdtDbtInd>
				<Dt>
					<Dt>2021-08-27</Dt>
				</Dt>
			</Bal>
			<Bal>
				<Tp>
					<CdOrPrtry>
						<Cd>CLAV</Cd>
					</CdOrPrtry>
				</Tp>
				<Amt Ccy="USD">0.00</Amt>
				<CdtDbtInd>CRDT</CdtDbtInd>
				<Dt>
					<Dt>2021-08-26</Dt>
				</Dt>
			</Bal>
			<TxsSummry>
				<TtlNtries>
					<NbOfNtries>0</NbOfNtries>
					<Sum>0.00</Sum>
					<TtlNetNtryAmt>0.00</TtlNetNtryAmt>
					<CdtDbtInd>CRDT</CdtDbtInd>
				</TtlNtries>
				<TtlCdtNtries>
					<NbOfNtries>0</NbOfNtries>
					<Sum>0.00</Sum>
				</TtlCdtNtries>
				<TtlDbtNtries>
					<NbOfNtries>0</NbOfNtries>
					<Sum>0.00</Sum>
				</TtlDbtNtries>
			</TxsSummry>
			<Ntry>
				<NtryRef>325216836954</NtryRef>
				<Amt Ccy="USD">40786.70</Amt>
				<CdtDbtInd>CRDT</CdtDbtInd>
				<Sts>BOOK</Sts>
				<BookgDt>
					<Dt>2021-08-26</Dt>
				</BookgDt>
				<ValDt>
					<Dt>2021-08-26</Dt>
				</ValDt>
				<AcctSvcrRef>0066020300XF</AcctSvcrRef>
				<Avlbty>
					<Dt>
						<NbOfDays>0</NbOfDays>
					</Dt>
					<Amt Ccy="USD">40786.70</Amt>
					<CdtDbtInd>CRDT</CdtDbtInd>
				</Avlbty>
				<BkTxCd>
					<Domn>
						<Cd>CAMT</Cd>
						<Fmly>
							<Cd>ACCB</Cd>
							<SubFmlyCd>ZABA</SubFmlyCd>
						</Fmly>
					</Domn>
					<Prtry>
						<Cd>275</Cd>
						<Issr>BAI</Issr>
					</Prtry>
				</BkTxCd>
				<AmtDtls>
					<TxAmt>
						<Amt Ccy="USD">40786.70</Amt>
					</TxAmt>
				</AmtDtls>
				<NtryDtls>
					<TxDtls>
						<Refs>
							<AcctSvcrRef>0066020300XF</AcctSvcrRef>
							<EndToEndId>826205564</EndToEndId>
						</Refs>
						<AmtDtls>
							<TxAmt>
								<Amt Ccy="USD">40786.70</Amt>
							</TxAmt>
						</AmtDtls>
						<Avlbty>
							<Dt>
								<NbOfDays>0</NbOfDays>
							</Dt>
							<Amt Ccy="USD">40786.70</Amt>
							<CdtDbtInd>CRDT</CdtDbtInd>
						</Avlbty>
						<RmtInf>
							<Ustrd>REMARK=CASH CONCENTRATION TRANSFER CREDIT FROM ACCOUNT 000000826205564 TRN: 0066020300XF</Ustrd>
						</RmtInf>
					</TxDtls>
				</NtryDtls>
			</Ntry>
			<Ntry>
				<NtryRef>325216836953</NtryRef>
				<Amt Ccy="USD">17939.52</Amt>
				<CdtDbtInd>CRDT</CdtDbtInd>
				<Sts>BOOK</Sts>
				<BookgDt>
					<Dt>2021-08-26</Dt>
				</BookgDt>
				<ValDt>
					<Dt>2021-08-26</Dt>
				</ValDt>
				<AcctSvcrRef>0073360300XF</AcctSvcrRef>
				<Avlbty>
					<Dt>
						<NbOfDays>0</NbOfDays>
					</Dt>
					<Amt Ccy="USD">17939.52</Amt>
					<CdtDbtInd>CRDT</CdtDbtInd>
				</Avlbty>
				<BkTxCd>
					<Domn>
						<Cd>CAMT</Cd>
						<Fmly>
							<Cd>ACCB</Cd>
							<SubFmlyCd>ZABA</SubFmlyCd>
						</Fmly>
					</Domn>
					<Prtry>
						<Cd>275</Cd>
						<Issr>BAI</Issr>
					</Prtry>
				</BkTxCd>
				<AmtDtls>
					<TxAmt>
						<Amt Ccy="USD">17939.52</Amt>
					</TxAmt>
				</AmtDtls>
				<NtryDtls>
					<TxDtls>
						<Refs>
							<AcctSvcrRef>0073360300XF</AcctSvcrRef>
							<EndToEndId>352818170</EndToEndId>
						</Refs>
						<AmtDtls>
							<TxAmt>
								<Amt Ccy="USD">17939.52</Amt>
							</TxAmt>
						</AmtDtls>
						<Avlbty>
							<Dt>
								<NbOfDays>0</NbOfDays>
							</Dt>
							<Amt Ccy="USD">17939.52</Amt>
							<CdtDbtInd>CRDT</CdtDbtInd>
						</Avlbty>
						<RmtInf>
							<Ustrd>REMARK=CASH CONCENTRATION TRANSFER CREDIT FROM ACCOUNT 000000352818170 TRN: 0073360300XF</Ustrd>
						</RmtInf>
					</TxDtls>
				</NtryDtls>
			</Ntry>
			<Ntry>
				<NtryRef>325216836952</NtryRef>
				<Amt Ccy="USD">58726.22</Amt>
				<CdtDbtInd>DBIT</CdtDbtInd>
				<Sts>BOOK</Sts>
				<BookgDt>
					<Dt>2021-08-26</Dt>
				</BookgDt>
				<ValDt>
					<Dt>2021-08-26</Dt>
				</ValDt>
				<AcctSvcrRef>0064810300XF</AcctSvcrRef>
				<Avlbty>
					<Dt>
						<NbOfDays>0</NbOfDays>
					</Dt>
					<Amt Ccy="USD">58726.22</Amt>
					<CdtDbtInd>DBIT</CdtDbtInd>
				</Avlbty>
				<BkTxCd>
					<Domn>
						<Cd>CAMT</Cd>
						<Fmly>
							<Cd>ACCB</Cd>
							<SubFmlyCd>ZABA</SubFmlyCd>
						</Fmly>
					</Domn>
					<Prtry>
						<Cd>575</Cd>
						<Issr>BAI</Issr>
					</Prtry>
				</BkTxCd>
				<AmtDtls>
					<TxAmt>
						<Amt Ccy="USD">58726.22</Amt>
					</TxAmt>
				</AmtDtls>
				<NtryDtls>
					<TxDtls>
						<Refs>
							<AcctSvcrRef>0064810300XF</AcctSvcrRef>
							<EndToEndId>826205556</EndToEndId>
						</Refs>
						<AmtDtls>
							<TxAmt>
								<Amt Ccy="USD">58726.22</Amt>
							</TxAmt>
						</AmtDtls>
						<Avlbty>
							<Dt>
								<NbOfDays>0</NbOfDays>
							</Dt>
							<Amt Ccy="USD">58726.22</Amt>
							<CdtDbtInd>DBIT</CdtDbtInd>
						</Avlbty>
						<RmtInf>
							<Ustrd>REMARK=CASH CONCENTRATION TRANSFER DEBIT TO ACCOUNT 000000826205556 TRN: 0064810300XF</Ustrd>
						</RmtInf>
					</TxDtls>
				</NtryDtls>
			</Ntry>
		</Stmt>
		<Stmt>
			<Id>2021-08-31T09:24:16000000826205549</Id>
			<ElctrncSeqNb>0</ElctrncSeqNb>
			<CreDtTm>2021-08-31T13:24:16.0Z</CreDtTm>
			<Acct>
				<Id>
					<Othr>
						<Id>000000826205549</Id>
					</Othr>
				</Id>
				<Ccy>USD</Ccy>
				<Nm>Fresen Kabi Comp LLC</Nm>
				<Svcr>
					<FinInstnId>
						<ClrSysMmbId>
							<ClrSysId>
								<Cd>USABA</Cd>
							</ClrSysId>
							<MmbId>071000013</MmbId>
						</ClrSysMmbId>
						<Nm>JPMorgan Chase Bank, N.A. (IL)</Nm>
					</FinInstnId>
				</Svcr>
			</Acct>
			<Bal>
				<Tp>
					<CdOrPrtry>
						<Cd>OPBD</Cd>
					</CdOrPrtry>
				</Tp>
				<Amt Ccy="USD">0.00</Amt>
				<CdtDbtInd>CRDT</CdtDbtInd>
				<Dt>
					<Dt>2021-08-26</Dt>
				</Dt>
			</Bal>
			<Bal>
				<Tp>
					<CdOrPrtry>
						<Cd>CLBD</Cd>
					</CdOrPrtry>
				</Tp>
				<Amt Ccy="USD">0.00</Amt>
				<CdtDbtInd>CRDT</CdtDbtInd>
				<Dt>
					<Dt>2021-08-26</Dt>
				</Dt>
			</Bal>
			<Bal>
				<Tp>
					<CdOrPrtry>
						<Cd>OPAV</Cd>
					</CdOrPrtry>
				</Tp>
				<Amt Ccy="USD">0.00</Amt>
				<CdtDbtInd>CRDT</CdtDbtInd>
				<Dt>
					<Dt>2021-08-26</Dt>
				</Dt>
			</Bal>
			<Bal>
				<Tp>
					<CdOrPrtry>
						<Cd>FWAV</Cd>
					</CdOrPrtry>
				</Tp>
				<Amt Ccy="USD">0.00</Amt>
				<CdtDbtInd>CRDT</CdtDbtInd>
				<Dt>
					<Dt>2021-08-27</Dt>
				</Dt>
			</Bal>
			<Bal>
				<Tp>
					<CdOrPrtry>
						<Cd>CLAV</Cd>
					</CdOrPrtry>
				</Tp>
				<Amt Ccy="USD">0.00</Amt>
				<CdtDbtInd>CRDT</CdtDbtInd>
				<Dt>
					<Dt>2021-08-26</Dt>
				</Dt>
			</Bal>
			<TxsSummry>
				<TtlNtries>
					<NbOfNtries>0</NbOfNtries>
					<Sum>0.00</Sum>
					<TtlNetNtryAmt>0.00</TtlNetNtryAmt>
					<CdtDbtInd>CRDT</CdtDbtInd>
				</TtlNtries>
				<TtlCdtNtries>
					<NbOfNtries>0</NbOfNtries>
					<Sum>0.00</Sum>
				</TtlCdtNtries>
				<TtlDbtNtries>
					<NbOfNtries>0</NbOfNtries>
					<Sum>0.00</Sum>
				</TtlDbtNtries>
			</TxsSummry>
		</Stmt>
		<Stmt>
			<Id>2021-08-31T09:24:16000000826205556</Id>
			<ElctrncSeqNb>0</ElctrncSeqNb>
			<CreDtTm>2021-08-31T13:24:16.0Z</CreDtTm>
			<Acct>
				<Id>
					<Othr>
						<Id>000000826205556</Id>
					</Othr>
				</Id>
				<Ccy>USD</Ccy>
				<Nm>Fresen Kabi Comp LLC</Nm>
				<Svcr>
					<FinInstnId>
						<ClrSysMmbId>
							<ClrSysId>
								<Cd>USABA</Cd>
							</ClrSysId>
							<MmbId>071000013</MmbId>
						</ClrSysMmbId>
						<Nm>JPMorgan Chase Bank, N.A. (IL)</Nm>
					</FinInstnId>
				</Svcr>
			</Acct>
			<Bal>
				<Tp>
					<CdOrPrtry>
						<Cd>OPBD</Cd>
					</CdOrPrtry>
				</Tp>
				<Amt Ccy="USD">0.00</Amt>
				<CdtDbtInd>CRDT</CdtDbtInd>
				<Dt>
					<Dt>2021-08-26</Dt>
				</Dt>
			</Bal>
			<Bal>
				<Tp>
					<CdOrPrtry>
						<Cd>CLBD</Cd>
					</CdOrPrtry>
				</Tp>
				<Amt Ccy="USD">0.00</Amt>
				<CdtDbtInd>CRDT</CdtDbtInd>
				<Dt>
					<Dt>2021-08-26</Dt>
				</Dt>
			</Bal>
			<Bal>
				<Tp>
					<CdOrPrtry>
						<Cd>OPAV</Cd>
					</CdOrPrtry>
				</Tp>
				<Amt Ccy="USD">0.00</Amt>
				<CdtDbtInd>CRDT</CdtDbtInd>
				<Dt>
					<Dt>2021-08-26</Dt>
				</Dt>
			</Bal>
			<Bal>
				<Tp>
					<CdOrPrtry>
						<Cd>FWAV</Cd>
					</CdOrPrtry>
				</Tp>
				<Amt Ccy="USD">0.00</Amt>
				<CdtDbtInd>CRDT</CdtDbtInd>
				<Dt>
					<Dt>2021-08-27</Dt>
				</Dt>
			</Bal>
			<Bal>
				<Tp>
					<CdOrPrtry>
						<Cd>CLAV</Cd>
					</CdOrPrtry>
				</Tp>
				<Amt Ccy="USD">0.00</Amt>
				<CdtDbtInd>CRDT</CdtDbtInd>
				<Dt>
					<Dt>2021-08-26</Dt>
				</Dt>
			</Bal>
			<TxsSummry>
				<TtlNtries>
					<NbOfNtries>0</NbOfNtries>
					<Sum>0.00</Sum>
					<TtlNetNtryAmt>0.00</TtlNetNtryAmt>
					<CdtDbtInd>CRDT</CdtDbtInd>
				</TtlNtries>
				<TtlCdtNtries>
					<NbOfNtries>0</NbOfNtries>
					<Sum>0.00</Sum>
				</TtlCdtNtries>
				<TtlDbtNtries>
					<NbOfNtries>0</NbOfNtries>
					<Sum>0.00</Sum>
				</TtlDbtNtries>
			</TxsSummry>
			<Ntry>
				<NtryRef>325235079979</NtryRef>
				<Amt Ccy="USD">58726.22</Amt>
				<CdtDbtInd>CRDT</CdtDbtInd>
				<Sts>BOOK</Sts>
				<BookgDt>
					<Dt>2021-08-26</Dt>
				</BookgDt>
				<ValDt>
					<Dt>2021-08-26</Dt>
				</ValDt>
				<AcctSvcrRef>0064820300XF</AcctSvcrRef>
				<Avlbty>
					<Dt>
						<NbOfDays>0</NbOfDays>
					</Dt>
					<Amt Ccy="USD">58726.22</Amt>
					<CdtDbtInd>CRDT</CdtDbtInd>
				</Avlbty>
				<BkTxCd>
					<Domn>
						<Cd>CAMT</Cd>
						<Fmly>
							<Cd>ACCB</Cd>
							<SubFmlyCd>ZABA</SubFmlyCd>
						</Fmly>
					</Domn>
					<Prtry>
						<Cd>275</Cd>
						<Issr>BAI</Issr>
					</Prtry>
				</BkTxCd>
				<AmtDtls>
					<TxAmt>
						<Amt Ccy="USD">58726.22</Amt>
					</TxAmt>
				</AmtDtls>
				<NtryDtls>
					<TxDtls>
						<Refs>
							<AcctSvcrRef>0064820300XF</AcctSvcrRef>
							<EndToEndId>826205531</EndToEndId>
						</Refs>
						<AmtDtls>
							<TxAmt>
								<Amt Ccy="USD">58726.22</Amt>
							</TxAmt>
						</AmtDtls>
						<Avlbty>
							<Dt>
								<NbOfDays>0</NbOfDays>
							</Dt>
							<Amt Ccy="USD">58726.22</Amt>
							<CdtDbtInd>CRDT</CdtDbtInd>
						</Avlbty>
						<RmtInf>
							<Ustrd>REMARK=CASH CONCENTRATION TRANSFER CREDIT FROM ACCOUNT 000000826205531 TRN: 0064820300XF</Ustrd>
						</RmtInf>
					</TxDtls>
				</NtryDtls>
			</Ntry>
			<Ntry>
				<NtryRef>325235079980</NtryRef>
				<Amt Ccy="USD">58726.22</Amt>
				<CdtDbtInd>DBIT</CdtDbtInd>
				<Sts>BOOK</Sts>
				<BookgDt>
					<Dt>2021-08-26</Dt>
				</BookgDt>
				<ValDt>
					<Dt>2021-08-26</Dt>
				</ValDt>
				<AcctSvcrRef>2374082360TC</AcctSvcrRef>
				<Avlbty>
					<Dt>
						<NbOfDays>0</NbOfDays>
					</Dt>
					<Amt Ccy="USD">58726.22</Amt>
					<CdtDbtInd>DBIT</CdtDbtInd>
				</Avlbty>
				<BkTxCd>
					<Domn>
						<Cd>PMNT</Cd>
						<Fmly>
							<Cd>RDDT</Cd>
							<SubFmlyCd>ADBT</SubFmlyCd>
						</Fmly>
					</Domn>
					<Prtry>
						<Cd>455</Cd>
						<Issr>BAI</Issr>
					</Prtry>
				</BkTxCd>
				<AmtDtls>
					<TxAmt>
						<Amt Ccy="USD">58726.22</Amt>
					</TxAmt>
				</AmtDtls>
				<NtryDtls>
					<TxDtls>
						<Refs>
							<AcctSvcrRef>2374082360TC</AcctSvcrRef>
							<EndToEndId>R4946-001210450</EndToEndId>
							<TxId>111000024082360</TxId>
							<Prtry>
								<Tp>ENTRY CLASS</Tp>
								<Ref>CCD</Ref>
							</Prtry>
						</Refs>
						<AmtDtls>
							<TxAmt>
								<Amt Ccy="USD">58726.22</Amt>
							</TxAmt>
						</AmtDtls>
						<Avlbty>
							<Dt>
								<NbOfDays>0</NbOfDays>
							</Dt>
							<Amt Ccy="USD">58726.22</Amt>
							<CdtDbtInd>DBIT</CdtDbtInd>
						</Avlbty>
						<RltdPties>
							<Dbtr>
								<Nm>FRESENIUS KABI COMPOUN</Nm>
							</Dbtr>
							<Cdtr>
								<Nm>TAX SERVICE 702</Nm>
								<Id>
									<OrgId>
										<Othr>
											<Id>1411902914</Id>
										</Othr>
									</OrgId>
								</Id>
							</Cdtr>
						</RltdPties>
						<RltdAgts>
							<CdtrAgt>
								<FinInstnId>
									<Nm>BANK OF AMERICA, N.A.</Nm>
								</FinInstnId>
							</CdtrAgt>
						</RltdAgts>
						<Purp>
							<Prtry>PMT IMPND</Prtry>
						</Purp>
						<RmtInf>
							<Ustrd>COMPANY DATA=PAYMENT I8188202709;DESC DATE=210825;ENTRY DATE=210826;IND NAME=FRESENIUS KABI COMPOUN</Ustrd>
						</RmtInf>
					</TxDtls>
				</NtryDtls>
			</Ntry>
		</Stmt>
		<Stmt>
			<Id>2021-08-31T09:24:16000000826205564</Id>
			<ElctrncSeqNb>0</ElctrncSeqNb>
			<CreDtTm>2021-08-31T13:24:16.0Z</CreDtTm>
			<Acct>
				<Id>
					<Othr>
						<Id>000000826205564</Id>
					</Othr>
				</Id>
				<Ccy>USD</Ccy>
				<Nm>Fresen Kabi Comp LLC</Nm>
				<Svcr>
					<FinInstnId>
						<ClrSysMmbId>
							<ClrSysId>
								<Cd>USABA</Cd>
							</ClrSysId>
							<MmbId>071000013</MmbId>
						</ClrSysMmbId>
						<Nm>JPMorgan Chase Bank, N.A. (IL)</Nm>
					</FinInstnId>
				</Svcr>
			</Acct>
			<Bal>
				<Tp>
					<CdOrPrtry>
						<Cd>OPBD</Cd>
					</CdOrPrtry>
				</Tp>
				<Amt Ccy="USD">0.00</Amt>
				<CdtDbtInd>CRDT</CdtDbtInd>
				<Dt>
					<Dt>2021-08-26</Dt>
				</Dt>
			</Bal>
			<Bal>
				<Tp>
					<CdOrPrtry>
						<Cd>CLBD</Cd>
					</CdOrPrtry>
				</Tp>
				<Amt Ccy="USD">0.00</Amt>
				<CdtDbtInd>CRDT</CdtDbtInd>
				<Dt>
					<Dt>2021-08-26</Dt>
				</Dt>
			</Bal>
			<Bal>
				<Tp>
					<CdOrPrtry>
						<Cd>OPAV</Cd>
					</CdOrPrtry>
				</Tp>
				<Amt Ccy="USD">0.00</Amt>
				<CdtDbtInd>CRDT</CdtDbtInd>
				<Dt>
					<Dt>2021-08-26</Dt>
				</Dt>
			</Bal>
			<Bal>
				<Tp>
					<CdOrPrtry>
						<Cd>FWAV</Cd>
					</CdOrPrtry>
				</Tp>
				<Amt Ccy="USD">0.00</Amt>
				<CdtDbtInd>CRDT</CdtDbtInd>
				<Dt>
					<Dt>2021-08-27</Dt>
				</Dt>
			</Bal>
			<Bal>
				<Tp>
					<CdOrPrtry>
						<Cd>CLAV</Cd>
					</CdOrPrtry>
				</Tp>
				<Amt Ccy="USD">0.00</Amt>
				<CdtDbtInd>CRDT</CdtDbtInd>
				<Dt>
					<Dt>2021-08-26</Dt>
				</Dt>
			</Bal>
			<TxsSummry>
				<TtlNtries>
					<NbOfNtries>0</NbOfNtries>
					<Sum>0.00</Sum>
					<TtlNetNtryAmt>0.00</TtlNetNtryAmt>
					<CdtDbtInd>CRDT</CdtDbtInd>
				</TtlNtries>
				<TtlCdtNtries>
					<NbOfNtries>0</NbOfNtries>
					<Sum>0.00</Sum>
				</TtlCdtNtries>
				<TtlDbtNtries>
					<NbOfNtries>0</NbOfNtries>
					<Sum>0.00</Sum>
				</TtlDbtNtries>
			</TxsSummry>
			<Ntry>
				<NtryRef>325216746646</NtryRef>
				<Amt Ccy="USD">40786.70</Amt>
				<CdtDbtInd>CRDT</CdtDbtInd>
				<Sts>BOOK</Sts>
				<BookgDt>
					<Dt>2021-08-26</Dt>
				</BookgDt>
				<ValDt>
					<Dt>2021-08-26</Dt>
				</ValDt>
				<AcctSvcrRef>2373566190TC</AcctSvcrRef>
				<Avlbty>
					<Dt>
						<NbOfDays>0</NbOfDays>
					</Dt>
					<Amt Ccy="USD">40786.70</Amt>
					<CdtDbtInd>CRDT</CdtDbtInd>
				</Avlbty>
				<BkTxCd>
					<Domn>
						<Cd>PMNT</Cd>
						<Fmly>
							<Cd>RCDT</Cd>
							<SubFmlyCd>ACDT</SubFmlyCd>
						</Fmly>
					</Domn>
					<Prtry>
						<Cd>165</Cd>
						<Issr>BAI</Issr>
					</Prtry>
				</BkTxCd>
				<AmtDtls>
					<TxAmt>
						<Amt Ccy="USD">40786.70</Amt>
					</TxAmt>
				</AmtDtls>
				<NtryDtls>
					<TxDtls>
						<Refs>
							<AcctSvcrRef>2373566190TC</AcctSvcrRef>
							<EndToEndId>0000485346</EndToEndId>
							<TxId>051000013566190</TxId>
							<Prtry>
								<Tp>ENTRY CLASS</Tp>
								<Ref>CCD</Ref>
							</Prtry>
						</Refs>
						<AmtDtls>
							<TxAmt>
								<Amt Ccy="USD">40786.70</Amt>
							</TxAmt>
						</AmtDtls>
						<Avlbty>
							<Dt>
								<NbOfDays>0</NbOfDays>
							</Dt>
							<Amt Ccy="USD">40786.70</Amt>
							<CdtDbtInd>CRDT</CdtDbtInd>
						</Avlbty>
						<RltdPties>
							<Dbtr>
								<Nm>Partners PMD</Nm>
								<Id>
									<OrgId>
										<Othr>
											<Id>7010532275</Id>
										</Othr>
									</OrgId>
								</Id>
							</Dbtr>
							<Cdtr>
								<Nm>FresniusKabi.Receivabl</Nm>
							</Cdtr>
						</RltdPties>
						<RltdAgts>
							<DbtrAgt>
								<FinInstnId>
									<Nm>Bank of America</Nm>
								</FinInstnId>
							</DbtrAgt>
						</RltdAgts>
						<Purp>
							<Prtry>PAYMENT</Prtry>
						</Purp>
						<RmtInf>
							<Ustrd>DESC DATE=210826;ENTRY DATE=210826;IND NAME=FresniusKabi.Receivabl</Ustrd>
						</RmtInf>
					</TxDtls>
				</NtryDtls>
			</Ntry>
			<Ntry>
				<NtryRef>325216746645</NtryRef>
				<Amt Ccy="USD">40786.70</Amt>
				<CdtDbtInd>DBIT</CdtDbtInd>
				<Sts>BOOK</Sts>
				<BookgDt>
					<Dt>2021-08-26</Dt>
				</BookgDt>
				<ValDt>
					<Dt>2021-08-26</Dt>
				</ValDt>
				<AcctSvcrRef>0066010300XF</AcctSvcrRef>
				<Avlbty>
					<Dt>
						<NbOfDays>0</NbOfDays>
					</Dt>
					<Amt Ccy="USD">40786.70</Amt>
					<CdtDbtInd>DBIT</CdtDbtInd>
				</Avlbty>
				<BkTxCd>
					<Domn>
						<Cd>CAMT</Cd>
						<Fmly>
							<Cd>ACCB</Cd>
							<SubFmlyCd>ZABA</SubFmlyCd>
						</Fmly>
					</Domn>
					<Prtry>
						<Cd>575</Cd>
						<Issr>BAI</Issr>
					</Prtry>
				</BkTxCd>
				<AmtDtls>
					<TxAmt>
						<Amt Ccy="USD">40786.70</Amt>
					</TxAmt>
				</AmtDtls>
				<NtryDtls>
					<TxDtls>
						<Refs>
							<AcctSvcrRef>0066010300XF</AcctSvcrRef>
							<EndToEndId>826205531</EndToEndId>
						</Refs>
						<AmtDtls>
							<TxAmt>
								<Amt Ccy="USD">40786.70</Amt>
							</TxAmt>
						</AmtDtls>
						<Avlbty>
							<Dt>
								<NbOfDays>0</NbOfDays>
							</Dt>
							<Amt Ccy="USD">40786.70</Amt>
							<CdtDbtInd>DBIT</CdtDbtInd>
						</Avlbty>
						<RmtInf>
							<Ustrd>REMARK=CASH CONCENTRATION TRANSFER DEBIT TO ACCOUNT 000000826205531 TRN: 0066010300XF</Ustrd>
						</RmtInf>
					</TxDtls>
				</NtryDtls>
			</Ntry>
		</Stmt>
		<Stmt>
			<Id>2021-08-31T09:24:16000000921259958</Id>
			<ElctrncSeqNb>0</ElctrncSeqNb>
			<CreDtTm>2021-08-31T13:24:16.0Z</CreDtTm>
			<Acct>
				<Id>
					<Othr>
						<Id>000000921259958</Id>
					</Othr>
				</Id>
				<Ccy>USD</Ccy>
				<Nm>FRESEN KABI USA LLC</Nm>
				<Svcr>
					<FinInstnId>
						<ClrSysMmbId>
							<ClrSysId>
								<Cd>USABA</Cd>
							</ClrSysId>
							<MmbId>071000013</MmbId>
						</ClrSysMmbId>
						<Nm>JPMorgan Chase Bank, N.A. (IL)</Nm>
					</FinInstnId>
				</Svcr>
			</Acct>
			<Bal>
				<Tp>
					<CdOrPrtry>
						<Cd>OPBD</Cd>
					</CdOrPrtry>
				</Tp>
				<Amt Ccy="USD">0.00</Amt>
				<CdtDbtInd>CRDT</CdtDbtInd>
				<Dt>
					<Dt>2021-08-26</Dt>
				</Dt>
			</Bal>
			<Bal>
				<Tp>
					<CdOrPrtry>
						<Cd>CLBD</Cd>
					</CdOrPrtry>
				</Tp>
				<Amt Ccy="USD">0.00</Amt>
				<CdtDbtInd>CRDT</CdtDbtInd>
				<Dt>
					<Dt>2021-08-26</Dt>
				</Dt>
			</Bal>
			<Bal>
				<Tp>
					<CdOrPrtry>
						<Cd>OPAV</Cd>
					</CdOrPrtry>
				</Tp>
				<Amt Ccy="USD">0.00</Amt>
				<CdtDbtInd>CRDT</CdtDbtInd>
				<Dt>
					<Dt>2021-08-26</Dt>
				</Dt>
			</Bal>
			<Bal>
				<Tp>
					<CdOrPrtry>
						<Cd>FWAV</Cd>
					</CdOrPrtry>
				</Tp>
				<Amt Ccy="USD">0.00</Amt>
				<CdtDbtInd>CRDT</CdtDbtInd>
				<Dt>
					<Dt>2021-08-27</Dt>
				</Dt>
			</Bal>
			<Bal>
				<Tp>
					<CdOrPrtry>
						<Cd>CLAV</Cd>
					</CdOrPrtry>
				</Tp>
				<Amt Ccy="USD">0.00</Amt>
				<CdtDbtInd>CRDT</CdtDbtInd>
				<Dt>
					<Dt>2021-08-26</Dt>
				</Dt>
			</Bal>
			<TxsSummry>
				<TtlNtries>
					<NbOfNtries>0</NbOfNtries>
					<Sum>0.00</Sum>
					<TtlNetNtryAmt>0.00</TtlNetNtryAmt>
					<CdtDbtInd>CRDT</CdtDbtInd>
				</TtlNtries>
				<TtlCdtNtries>
					<NbOfNtries>0</NbOfNtries>
					<Sum>0.00</Sum>
				</TtlCdtNtries>
				<TtlDbtNtries>
					<NbOfNtries>0</NbOfNtries>
					<Sum>0.00</Sum>
				</TtlDbtNtries>
			</TxsSummry>
			<Ntry>
				<NtryRef>325235087190</NtryRef>
				<Amt Ccy="USD">486986.31</Amt>
				<CdtDbtInd>CRDT</CdtDbtInd>
				<Sts>BOOK</Sts>
				<BookgDt>
					<Dt>2021-08-26</Dt>
				</BookgDt>
				<ValDt>
					<Dt>2021-08-26</Dt>
				</ValDt>
				<AcctSvcrRef>0073620300XF</AcctSvcrRef>
				<Avlbty>
					<Dt>
						<NbOfDays>0</NbOfDays>
					</Dt>
					<Amt Ccy="USD">486986.31</Amt>
					<CdtDbtInd>CRDT</CdtDbtInd>
				</Avlbty>
				<BkTxCd>
					<Domn>
						<Cd>CAMT</Cd>
						<Fmly>
							<Cd>ACCB</Cd>
							<SubFmlyCd>ZABA</SubFmlyCd>
						</Fmly>
					</Domn>
					<Prtry>
						<Cd>275</Cd>
						<Issr>BAI</Issr>
					</Prtry>
				</BkTxCd>
				<AmtDtls>
					<TxAmt>
						<Amt Ccy="USD">486986.31</Amt>
					</TxAmt>
				</AmtDtls>
				<NtryDtls>
					<TxDtls>
						<Refs>
							<AcctSvcrRef>0073620300XF</AcctSvcrRef>
							<EndToEndId>352818170</EndToEndId>
						</Refs>
						<AmtDtls>
							<TxAmt>
								<Amt Ccy="USD">486986.31</Amt>
							</TxAmt>
						</AmtDtls>
						<Avlbty>
							<Dt>
								<NbOfDays>0</NbOfDays>
							</Dt>
							<Amt Ccy="USD">486986.31</Amt>
							<CdtDbtInd>CRDT</CdtDbtInd>
						</Avlbty>
						<RmtInf>
							<Ustrd>REMARK=CASH CONCENTRATION TRANSFER CREDIT FROM ACCOUNT 000000352818170 TRN: 0073620300XF</Ustrd>
						</RmtInf>
					</TxDtls>
				</NtryDtls>
			</Ntry>
			<Ntry>
				<NtryRef>325235087218</NtryRef>
				<Amt Ccy="USD">127087.05</Amt>
				<CdtDbtInd>DBIT</CdtDbtInd>
				<Sts>BOOK</Sts>
				<BookgDt>
					<Dt>2021-08-26</Dt>
				</BookgDt>
				<ValDt>
					<Dt>2021-08-26</Dt>
				</ValDt>
				<AcctSvcrRef>9570168778</AcctSvcrRef>
				<Avlbty>
					<Dt>
						<NbOfDays>0</NbOfDays>
					</Dt>
					<Amt Ccy="USD">127087.05</Amt>
					<CdtDbtInd>DBIT</CdtDbtInd>
				</Avlbty>
				<BkTxCd>
					<Domn>
						<Cd>PMNT</Cd>
						<Fmly>
							<Cd>ICHQ</Cd>
							<SubFmlyCd>CCHQ</SubFmlyCd>
						</Fmly>
					</Domn>
					<Prtry>
						<Cd>475</Cd>
						<Issr>BAI</Issr>
					</Prtry>
				</BkTxCd>
				<AmtDtls>
					<TxAmt>
						<Amt Ccy="USD">127087.05</Amt>
					</TxAmt>
				</AmtDtls>
				<NtryDtls>
					<TxDtls>
						<Refs>
							<AcctSvcrRef>9570168778</AcctSvcrRef>
							<EndToEndId>553285</EndToEndId>
							<ChqNb>0000000553285</ChqNb>
						</Refs>
						<AmtDtls>
							<TxAmt>
								<Amt Ccy="USD">127087.05</Amt>
							</TxAmt>
						</AmtDtls>
						<Avlbty>
							<Dt>
								<NbOfDays>0</NbOfDays>
							</Dt>
							<Amt Ccy="USD">127087.05</Amt>
							<CdtDbtInd>DBIT</CdtDbtInd>
						</Avlbty>
					</TxDtls>
				</NtryDtls>
			</Ntry>
			<Ntry>
				<NtryRef>325235087217</NtryRef>
				<Amt Ccy="USD">75844.43</Amt>
				<CdtDbtInd>DBIT</CdtDbtInd>
				<Sts>BOOK</Sts>
				<BookgDt>
					<Dt>2021-08-26</Dt>
				</BookgDt>
				<ValDt>
					<Dt>2021-08-26</Dt>
				</ValDt>
				<AcctSvcrRef>9570168775</AcctSvcrRef>
				<Avlbty>
					<Dt>
						<NbOfDays>0</NbOfDays>
					</Dt>
					<Amt Ccy="USD">75844.43</Amt>
					<CdtDbtInd>DBIT</CdtDbtInd>
				</Avlbty>
				<BkTxCd>
					<Domn>
						<Cd>PMNT</Cd>
						<Fmly>
							<Cd>ICHQ</Cd>
							<SubFmlyCd>CCHQ</SubFmlyCd>
						</Fmly>
					</Domn>
					<Prtry>
						<Cd>475</Cd>
						<Issr>BAI</Issr>
					</Prtry>
				</BkTxCd>
				<AmtDtls>
					<TxAmt>
						<Amt Ccy="USD">75844.43</Amt>
					</TxAmt>
				</AmtDtls>
				<NtryDtls>
					<TxDtls>
						<Refs>
							<AcctSvcrRef>9570168775</AcctSvcrRef>
							<EndToEndId>553276</EndToEndId>
							<ChqNb>0000000553276</ChqNb>
						</Refs>
						<AmtDtls>
							<TxAmt>
								<Amt Ccy="USD">75844.43</Amt>
							</TxAmt>
						</AmtDtls>
						<Avlbty>
							<Dt>
								<NbOfDays>0</NbOfDays>
							</Dt>
							<Amt Ccy="USD">75844.43</Amt>
							<CdtDbtInd>DBIT</CdtDbtInd>
						</Avlbty>
					</TxDtls>
				</NtryDtls>
			</Ntry>
			<Ntry>
				<NtryRef>325235087216</NtryRef>
				<Amt Ccy="USD">67192.53</Amt>
				<CdtDbtInd>DBIT</CdtDbtInd>
				<Sts>BOOK</Sts>
				<BookgDt>
					<Dt>2021-08-26</Dt>
				</BookgDt>
				<ValDt>
					<Dt>2021-08-26</Dt>
				</ValDt>
				<AcctSvcrRef>9570590563</AcctSvcrRef>
				<Avlbty>
					<Dt>
						<NbOfDays>0</NbOfDays>
					</Dt>
					<Amt Ccy="USD">67192.53</Amt>
					<CdtDbtInd>DBIT</CdtDbtInd>
				</Avlbty>
				<BkTxCd>
					<Domn>
						<Cd>PMNT</Cd>
						<Fmly>
							<Cd>ICHQ</Cd>
							<SubFmlyCd>CCHQ</SubFmlyCd>
						</Fmly>
					</Domn>
					<Prtry>
						<Cd>475</Cd>
						<Issr>BAI</Issr>
					</Prtry>
				</BkTxCd>
				<AmtDtls>
					<TxAmt>
						<Amt Ccy="USD">67192.53</Amt>
					</TxAmt>
				</AmtDtls>
				<NtryDtls>
					<TxDtls>
						<Refs>
							<AcctSvcrRef>9570590563</AcctSvcrRef>
							<EndToEndId>553292</EndToEndId>
							<ChqNb>0000000553292</ChqNb>
						</Refs>
						<AmtDtls>
							<TxAmt>
								<Amt Ccy="USD">67192.53</Amt>
							</TxAmt>
						</AmtDtls>
						<Avlbty>
							<Dt>
								<NbOfDays>0</NbOfDays>
							</Dt>
							<Amt Ccy="USD">67192.53</Amt>
							<CdtDbtInd>DBIT</CdtDbtInd>
						</Avlbty>
					</TxDtls>
				</NtryDtls>
			</Ntry>
			<Ntry>
				<NtryRef>325235087215</NtryRef>
				<Amt Ccy="USD">48414.47</Amt>
				<CdtDbtInd>DBIT</CdtDbtInd>
				<Sts>BOOK</Sts>
				<BookgDt>
					<Dt>2021-08-26</Dt>
				</BookgDt>
				<ValDt>
					<Dt>2021-08-26</Dt>
				</ValDt>
				<AcctSvcrRef>9570590552</AcctSvcrRef>
				<Avlbty>
					<Dt>
						<NbOfDays>0</NbOfDays>
					</Dt>
					<Amt Ccy="USD">48414.47</Amt>
					<CdtDbtInd>DBIT</CdtDbtInd>
				</Avlbty>
				<BkTxCd>
					<Domn>
						<Cd>PMNT</Cd>
						<Fmly>
							<Cd>ICHQ</Cd>
							<SubFmlyCd>CCHQ</SubFmlyCd>
						</Fmly>
					</Domn>
					<Prtry>
						<Cd>475</Cd>
						<Issr>BAI</Issr>
					</Prtry>
				</BkTxCd>
				<AmtDtls>
					<TxAmt>
						<Amt Ccy="USD">48414.47</Amt>
					</TxAmt>
				</AmtDtls>
				<NtryDtls>
					<TxDtls>
						<Refs>
							<AcctSvcrRef>9570590552</AcctSvcrRef>
							<EndToEndId>553291</EndToEndId>
							<ChqNb>0000000553291</ChqNb>
						</Refs>
						<AmtDtls>
							<TxAmt>
								<Amt Ccy="USD">48414.47</Amt>
							</TxAmt>
						</AmtDtls>
						<Avlbty>
							<Dt>
								<NbOfDays>0</NbOfDays>
							</Dt>
							<Amt Ccy="USD">48414.47</Amt>
							<CdtDbtInd>DBIT</CdtDbtInd>
						</Avlbty>
					</TxDtls>
				</NtryDtls>
			</Ntry>
			<Ntry>
				<NtryRef>325235087214</NtryRef>
				<Amt Ccy="USD">40000.00</Amt>
				<CdtDbtInd>DBIT</CdtDbtInd>
				<Sts>BOOK</Sts>
				<BookgDt>
					<Dt>2021-08-26</Dt>
				</BookgDt>
				<ValDt>
					<Dt>2021-08-26</Dt>
				</ValDt>
				<AcctSvcrRef>9570434486</AcctSvcrRef>
				<Avlbty>
					<Dt>
						<NbOfDays>0</NbOfDays>
					</Dt>
					<Amt Ccy="USD">40000.00</Amt>
					<CdtDbtInd>DBIT</CdtDbtInd>
				</Avlbty>
				<BkTxCd>
					<Domn>
						<Cd>PMNT</Cd>
						<Fmly>
							<Cd>ICHQ</Cd>
							<SubFmlyCd>CCHQ</SubFmlyCd>
						</Fmly>
					</Domn>
					<Prtry>
						<Cd>475</Cd>
						<Issr>BAI</Issr>
					</Prtry>
				</BkTxCd>
				<AmtDtls>
					<TxAmt>
						<Amt Ccy="USD">40000.00</Amt>
					</TxAmt>
				</AmtDtls>
				<NtryDtls>
					<TxDtls>
						<Refs>
							<AcctSvcrRef>9570434486</AcctSvcrRef>
							<EndToEndId>553217</EndToEndId>
							<ChqNb>0000000553217</ChqNb>
						</Refs>
						<AmtDtls>
							<TxAmt>
								<Amt Ccy="USD">40000.00</Amt>
							</TxAmt>
						</AmtDtls>
						<Avlbty>
							<Dt>
								<NbOfDays>0</NbOfDays>
							</Dt>
							<Amt Ccy="USD">40000.00</Amt>
							<CdtDbtInd>DBIT</CdtDbtInd>
						</Avlbty>
					</TxDtls>
				</NtryDtls>
			</Ntry>
			<Ntry>
				<NtryRef>325235087213</NtryRef>
				<Amt Ccy="USD">32616.80</Amt>
				<CdtDbtInd>DBIT</CdtDbtInd>
				<Sts>BOOK</Sts>
				<BookgDt>
					<Dt>2021-08-26</Dt>
				</BookgDt>
				<ValDt>
					<Dt>2021-08-26</Dt>
				</ValDt>
				<AcctSvcrRef>9570590554</AcctSvcrRef>
				<Avlbty>
					<Dt>
						<NbOfDays>0</NbOfDays>
					</Dt>
					<Amt Ccy="USD">32616.80</Amt>
					<CdtDbtInd>DBIT</CdtDbtInd>
				</Avlbty>
				<BkTxCd>
					<Domn>
						<Cd>PMNT</Cd>
						<Fmly>
							<Cd>ICHQ</Cd>
							<SubFmlyCd>CCHQ</SubFmlyCd>
						</Fmly>
					</Domn>
					<Prtry>
						<Cd>475</Cd>
						<Issr>BAI</Issr>
					</Prtry>
				</BkTxCd>
				<AmtDtls>
					<TxAmt>
						<Amt Ccy="USD">32616.80</Amt>
					</TxAmt>
				</AmtDtls>
				<NtryDtls>
					<TxDtls>
						<Refs>
							<AcctSvcrRef>9570590554</AcctSvcrRef>
							<EndToEndId>553290</EndToEndId>
							<ChqNb>0000000553290</ChqNb>
						</Refs>
						<AmtDtls>
							<TxAmt>
								<Amt Ccy="USD">32616.80</Amt>
							</TxAmt>
						</AmtDtls>
						<Avlbty>
							<Dt>
								<NbOfDays>0</NbOfDays>
							</Dt>
							<Amt Ccy="USD">32616.80</Amt>
							<CdtDbtInd>DBIT</CdtDbtInd>
						</Avlbty>
					</TxDtls>
				</NtryDtls>
			</Ntry>
			<Ntry>
				<NtryRef>325235087212</NtryRef>
				<Amt Ccy="USD">25690.00</Amt>
				<CdtDbtInd>DBIT</CdtDbtInd>
				<Sts>BOOK</Sts>
				<BookgDt>
					<Dt>2021-08-26</Dt>
				</BookgDt>
				<ValDt>
					<Dt>2021-08-26</Dt>
				</ValDt>
				<AcctSvcrRef>9570600420</AcctSvcrRef>
				<Avlbty>
					<Dt>
						<NbOfDays>0</NbOfDays>
					</Dt>
					<Amt Ccy="USD">25690.00</Amt>
					<CdtDbtInd>DBIT</CdtDbtInd>
				</Avlbty>
				<BkTxCd>
					<Domn>
						<Cd>PMNT</Cd>
						<Fmly>
							<Cd>ICHQ</Cd>
							<SubFmlyCd>CCHQ</SubFmlyCd>
						</Fmly>
					</Domn>
					<Prtry>
						<Cd>475</Cd>
						<Issr>BAI</Issr>
					</Prtry>
				</BkTxCd>
				<AmtDtls>
					<TxAmt>
						<Amt Ccy="USD">25690.00</Amt>
					</TxAmt>
				</AmtDtls>
				<NtryDtls>
					<TxDtls>
						<Refs>
							<AcctSvcrRef>9570600420</AcctSvcrRef>
							<EndToEndId>553152</EndToEndId>
							<ChqNb>0000000553152</ChqNb>
						</Refs>
						<AmtDtls>
							<TxAmt>
								<Amt Ccy="USD">25690.00</Amt>
							</TxAmt>
						</AmtDtls>
						<Avlbty>
							<Dt>
								<NbOfDays>0</NbOfDays>
							</Dt>
							<Amt Ccy="USD">25690.00</Amt>
							<CdtDbtInd>DBIT</CdtDbtInd>
						</Avlbty>
					</TxDtls>
				</NtryDtls>
			</Ntry>
			<Ntry>
				<NtryRef>325235087211</NtryRef>
				<Amt Ccy="USD">23801.57</Amt>
				<CdtDbtInd>DBIT</CdtDbtInd>
				<Sts>BOOK</Sts>
				<BookgDt>
					<Dt>2021-08-26</Dt>
				</BookgDt>
				<ValDt>
					<Dt>2021-08-26</Dt>
				</ValDt>
				<AcctSvcrRef>9570590553</AcctSvcrRef>
				<Avlbty>
					<Dt>
						<NbOfDays>0</NbOfDays>
					</Dt>
					<Amt Ccy="USD">23801.57</Amt>
					<CdtDbtInd>DBIT</CdtDbtInd>
				</Avlbty>
				<BkTxCd>
					<Domn>
						<Cd>PMNT</Cd>
						<Fmly>
							<Cd>ICHQ</Cd>
							<SubFmlyCd>CCHQ</SubFmlyCd>
						</Fmly>
					</Domn>
					<Prtry>
						<Cd>475</Cd>
						<Issr>BAI</Issr>
					</Prtry>
				</BkTxCd>
				<AmtDtls>
					<TxAmt>
						<Amt Ccy="USD">23801.57</Amt>
					</TxAmt>
				</AmtDtls>
				<NtryDtls>
					<TxDtls>
						<Refs>
							<AcctSvcrRef>9570590553</AcctSvcrRef>
							<EndToEndId>553312</EndToEndId>
							<ChqNb>0000000553312</ChqNb>
						</Refs>
						<AmtDtls>
							<TxAmt>
								<Amt Ccy="USD">23801.57</Amt>
							</TxAmt>
						</AmtDtls>
						<Avlbty>
							<Dt>
								<NbOfDays>0</NbOfDays>
							</Dt>
							<Amt Ccy="USD">23801.57</Amt>
							<CdtDbtInd>DBIT</CdtDbtInd>
						</Avlbty>
					</TxDtls>
				</NtryDtls>
			</Ntry>
			<Ntry>
				<NtryRef>325235087210</NtryRef>
				<Amt Ccy="USD">13906.68</Amt>
				<CdtDbtInd>DBIT</CdtDbtInd>
				<Sts>BOOK</Sts>
				<BookgDt>
					<Dt>2021-08-26</Dt>
				</BookgDt>
				<ValDt>
					<Dt>2021-08-26</Dt>
				</ValDt>
				<AcctSvcrRef>9570345993</AcctSvcrRef>
				<Avlbty>
					<Dt>
						<NbOfDays>0</NbOfDays>
					</Dt>
					<Amt Ccy="USD">13906.68</Amt>
					<CdtDbtInd>DBIT</CdtDbtInd>
				</Avlbty>
				<BkTxCd>
					<Domn>
						<Cd>PMNT</Cd>
						<Fmly>
							<Cd>ICHQ</Cd>
							<SubFmlyCd>CCHQ</SubFmlyCd>
						</Fmly>
					</Domn>
					<Prtry>
						<Cd>475</Cd>
						<Issr>BAI</Issr>
					</Prtry>
				</BkTxCd>
				<AmtDtls>
					<TxAmt>
						<Amt Ccy="USD">13906.68</Amt>
					</TxAmt>
				</AmtDtls>
				<NtryDtls>
					<TxDtls>
						<Refs>
							<AcctSvcrRef>9570345993</AcctSvcrRef>
							<EndToEndId>553305</EndToEndId>
							<ChqNb>0000000553305</ChqNb>
						</Refs>
						<AmtDtls>
							<TxAmt>
								<Amt Ccy="USD">13906.68</Amt>
							</TxAmt>
						</AmtDtls>
						<Avlbty>
							<Dt>
								<NbOfDays>0</NbOfDays>
							</Dt>
							<Amt Ccy="USD">13906.68</Amt>
							<CdtDbtInd>DBIT</CdtDbtInd>
						</Avlbty>
					</TxDtls>
				</NtryDtls>
			</Ntry>
			<Ntry>
				<NtryRef>325235087209</NtryRef>
				<Amt Ccy="USD">5807.00</Amt>
				<CdtDbtInd>DBIT</CdtDbtInd>
				<Sts>BOOK</Sts>
				<BookgDt>
					<Dt>2021-08-26</Dt>
				</BookgDt>
				<ValDt>
					<Dt>2021-08-26</Dt>
				</ValDt>
				<AcctSvcrRef>8670641520</AcctSvcrRef>
				<Avlbty>
					<Dt>
						<NbOfDays>0</NbOfDays>
					</Dt>
					<Amt Ccy="USD">5807.00</Amt>
					<CdtDbtInd>DBIT</CdtDbtInd>
				</Avlbty>
				<BkTxCd>
					<Domn>
						<Cd>PMNT</Cd>
						<Fmly>
							<Cd>ICHQ</Cd>
							<SubFmlyCd>CCHQ</SubFmlyCd>
						</Fmly>
					</Domn>
					<Prtry>
						<Cd>475</Cd>
						<Issr>BAI</Issr>
					</Prtry>
				</BkTxCd>
				<AmtDtls>
					<TxAmt>
						<Amt Ccy="USD">5807.00</Amt>
					</TxAmt>
				</AmtDtls>
				<NtryDtls>
					<TxDtls>
						<Refs>
							<AcctSvcrRef>8670641520</AcctSvcrRef>
							<EndToEndId>553175</EndToEndId>
							<ChqNb>0000000553175</ChqNb>
						</Refs>
						<AmtDtls>
							<TxAmt>
								<Amt Ccy="USD">5807.00</Amt>
							</TxAmt>
						</AmtDtls>
						<Avlbty>
							<Dt>
								<NbOfDays>0</NbOfDays>
							</Dt>
							<Amt Ccy="USD">5807.00</Amt>
							<CdtDbtInd>DBIT</CdtDbtInd>
						</Avlbty>
					</TxDtls>
				</NtryDtls>
			</Ntry>
			<Ntry>
				<NtryRef>325235087208</NtryRef>
				<Amt Ccy="USD">5678.66</Amt>
				<CdtDbtInd>DBIT</CdtDbtInd>
				<Sts>BOOK</Sts>
				<BookgDt>
					<Dt>2021-08-26</Dt>
				</BookgDt>
				<ValDt>
					<Dt>2021-08-26</Dt>
				</ValDt>
				<AcctSvcrRef>9570590551</AcctSvcrRef>
				<Avlbty>
					<Dt>
						<NbOfDays>0</NbOfDays>
					</Dt>
					<Amt Ccy="USD">5678.66</Amt>
					<CdtDbtInd>DBIT</CdtDbtInd>
				</Avlbty>
				<BkTxCd>
					<Domn>
						<Cd>PMNT</Cd>
						<Fmly>
							<Cd>ICHQ</Cd>
							<SubFmlyCd>CCHQ</SubFmlyCd>
						</Fmly>
					</Domn>
					<Prtry>
						<Cd>475</Cd>
						<Issr>BAI</Issr>
					</Prtry>
				</BkTxCd>
				<AmtDtls>
					<TxAmt>
						<Amt Ccy="USD">5678.66</Amt>
					</TxAmt>
				</AmtDtls>
				<NtryDtls>
					<TxDtls>
						<Refs>
							<AcctSvcrRef>9570590551</AcctSvcrRef>
							<EndToEndId>553293</EndToEndId>
							<ChqNb>0000000553293</ChqNb>
						</Refs>
						<AmtDtls>
							<TxAmt>
								<Amt Ccy="USD">5678.66</Amt>
							</TxAmt>
						</AmtDtls>
						<Avlbty>
							<Dt>
								<NbOfDays>0</NbOfDays>
							</Dt>
							<Amt Ccy="USD">5678.66</Amt>
							<CdtDbtInd>DBIT</CdtDbtInd>
						</Avlbty>
					</TxDtls>
				</NtryDtls>
			</Ntry>
			<Ntry>
				<NtryRef>325235087207</NtryRef>
				<Amt Ccy="USD">5600.28</Amt>
				<CdtDbtInd>DBIT</CdtDbtInd>
				<Sts>BOOK</Sts>
				<BookgDt>
					<Dt>2021-08-26</Dt>
				</BookgDt>
				<ValDt>
					<Dt>2021-08-26</Dt>
				</ValDt>
				<AcctSvcrRef>9570168773</AcctSvcrRef>
				<Avlbty>
					<Dt>
						<NbOfDays>0</NbOfDays>
					</Dt>
					<Amt Ccy="USD">5600.28</Amt>
					<CdtDbtInd>DBIT</CdtDbtInd>
				</Avlbty>
				<BkTxCd>
					<Domn>
						<Cd>PMNT</Cd>
						<Fmly>
							<Cd>ICHQ</Cd>
							<SubFmlyCd>CCHQ</SubFmlyCd>
						</Fmly>
					</Domn>
					<Prtry>
						<Cd>475</Cd>
						<Issr>BAI</Issr>
					</Prtry>
				</BkTxCd>
				<AmtDtls>
					<TxAmt>
						<Amt Ccy="USD">5600.28</Amt>
					</TxAmt>
				</AmtDtls>
				<NtryDtls>
					<TxDtls>
						<Refs>
							<AcctSvcrRef>9570168773</AcctSvcrRef>
							<EndToEndId>553284</EndToEndId>
							<ChqNb>0000000553284</ChqNb>
						</Refs>
						<AmtDtls>
							<TxAmt>
								<Amt Ccy="USD">5600.28</Amt>
							</TxAmt>
						</AmtDtls>
						<Avlbty>
							<Dt>
								<NbOfDays>0</NbOfDays>
							</Dt>
							<Amt Ccy="USD">5600.28</Amt>
							<CdtDbtInd>DBIT</CdtDbtInd>
						</Avlbty>
					</TxDtls>
				</NtryDtls>
			</Ntry>
			<Ntry>
				<NtryRef>325235087206</NtryRef>
				<Amt Ccy="USD">4712.63</Amt>
				<CdtDbtInd>DBIT</CdtDbtInd>
				<Sts>BOOK</Sts>
				<BookgDt>
					<Dt>2021-08-26</Dt>
				</BookgDt>
				<ValDt>
					<Dt>2021-08-26</Dt>
				</ValDt>
				<AcctSvcrRef>9570168776</AcctSvcrRef>
				<Avlbty>
					<Dt>
						<NbOfDays>0</NbOfDays>
					</Dt>
					<Amt Ccy="USD">4712.63</Amt>
					<CdtDbtInd>DBIT</CdtDbtInd>
				</Avlbty>
				<BkTxCd>
					<Domn>
						<Cd>PMNT</Cd>
						<Fmly>
							<Cd>ICHQ</Cd>
							<SubFmlyCd>CCHQ</SubFmlyCd>
						</Fmly>
					</Domn>
					<Prtry>
						<Cd>475</Cd>
						<Issr>BAI</Issr>
					</Prtry>
				</BkTxCd>
				<AmtDtls>
					<TxAmt>
						<Amt Ccy="USD">4712.63</Amt>
					</TxAmt>
				</AmtDtls>
				<NtryDtls>
					<TxDtls>
						<Refs>
							<AcctSvcrRef>9570168776</AcctSvcrRef>
							<EndToEndId>553286</EndToEndId>
							<ChqNb>0000000553286</ChqNb>
						</Refs>
						<AmtDtls>
							<TxAmt>
								<Amt Ccy="USD">4712.63</Amt>
							</TxAmt>
						</AmtDtls>
						<Avlbty>
							<Dt>
								<NbOfDays>0</NbOfDays>
							</Dt>
							<Amt Ccy="USD">4712.63</Amt>
							<CdtDbtInd>DBIT</CdtDbtInd>
						</Avlbty>
					</TxDtls>
				</NtryDtls>
			</Ntry>
			<Ntry>
				<NtryRef>325235087205</NtryRef>
				<Amt Ccy="USD">4000.00</Amt>
				<CdtDbtInd>DBIT</CdtDbtInd>
				<Sts>BOOK</Sts>
				<BookgDt>
					<Dt>2021-08-26</Dt>
				</BookgDt>
				<ValDt>
					<Dt>2021-08-26</Dt>
				</ValDt>
				<AcctSvcrRef>8670198420</AcctSvcrRef>
				<Avlbty>
					<Dt>
						<NbOfDays>0</NbOfDays>
					</Dt>
					<Amt Ccy="USD">4000.00</Amt>
					<CdtDbtInd>DBIT</CdtDbtInd>
				</Avlbty>
				<BkTxCd>
					<Domn>
						<Cd>PMNT</Cd>
						<Fmly>
							<Cd>ICHQ</Cd>
							<SubFmlyCd>CCHQ</SubFmlyCd>
						</Fmly>
					</Domn>
					<Prtry>
						<Cd>475</Cd>
						<Issr>BAI</Issr>
					</Prtry>
				</BkTxCd>
				<AmtDtls>
					<TxAmt>
						<Amt Ccy="USD">4000.00</Amt>
					</TxAmt>
				</AmtDtls>
				<NtryDtls>
					<TxDtls>
						<Refs>
							<AcctSvcrRef>8670198420</AcctSvcrRef>
							<EndToEndId>553354</EndToEndId>
							<ChqNb>0000000553354</ChqNb>
						</Refs>
						<AmtDtls>
							<TxAmt>
								<Amt Ccy="USD">4000.00</Amt>
							</TxAmt>
						</AmtDtls>
						<Avlbty>
							<Dt>
								<NbOfDays>0</NbOfDays>
							</Dt>
							<Amt Ccy="USD">4000.00</Amt>
							<CdtDbtInd>DBIT</CdtDbtInd>
						</Avlbty>
					</TxDtls>
				</NtryDtls>
			</Ntry>
			<Ntry>
				<NtryRef>325235087204</NtryRef>
				<Amt Ccy="USD">1469.00</Amt>
				<CdtDbtInd>DBIT</CdtDbtInd>
				<Sts>BOOK</Sts>
				<BookgDt>
					<Dt>2021-08-26</Dt>
				</BookgDt>
				<ValDt>
					<Dt>2021-08-26</Dt>
				</ValDt>
				<AcctSvcrRef>6670458096</AcctSvcrRef>
				<Avlbty>
					<Dt>
						<NbOfDays>0</NbOfDays>
					</Dt>
					<Amt Ccy="USD">1469.00</Amt>
					<CdtDbtInd>DBIT</CdtDbtInd>
				</Avlbty>
				<BkTxCd>
					<Domn>
						<Cd>PMNT</Cd>
						<Fmly>
							<Cd>ICHQ</Cd>
							<SubFmlyCd>CCHQ</SubFmlyCd>
						</Fmly>
					</Domn>
					<Prtry>
						<Cd>475</Cd>
						<Issr>BAI</Issr>
					</Prtry>
				</BkTxCd>
				<AmtDtls>
					<TxAmt>
						<Amt Ccy="USD">1469.00</Amt>
					</TxAmt>
				</AmtDtls>
				<NtryDtls>
					<TxDtls>
						<Refs>
							<AcctSvcrRef>6670458096</AcctSvcrRef>
							<EndToEndId>553223</EndToEndId>
							<ChqNb>0000000553223</ChqNb>
						</Refs>
						<AmtDtls>
							<TxAmt>
								<Amt Ccy="USD">1469.00</Amt>
							</TxAmt>
						</AmtDtls>
						<Avlbty>
							<Dt>
								<NbOfDays>0</NbOfDays>
							</Dt>
							<Amt Ccy="USD">1469.00</Amt>
							<CdtDbtInd>DBIT</CdtDbtInd>
						</Avlbty>
					</TxDtls>
				</NtryDtls>
			</Ntry>
			<Ntry>
				<NtryRef>325235087203</NtryRef>
				<Amt Ccy="USD">1105.18</Amt>
				<CdtDbtInd>DBIT</CdtDbtInd>
				<Sts>BOOK</Sts>
				<BookgDt>
					<Dt>2021-08-26</Dt>
				</BookgDt>
				<ValDt>
					<Dt>2021-08-26</Dt>
				</ValDt>
				<AcctSvcrRef>9570168777</AcctSvcrRef>
				<Avlbty>
					<Dt>
						<NbOfDays>0</NbOfDays>
					</Dt>
					<Amt Ccy="USD">1105.18</Amt>
					<CdtDbtInd>DBIT</CdtDbtInd>
				</Avlbty>
				<BkTxCd>
					<Domn>
						<Cd>PMNT</Cd>
						<Fmly>
							<Cd>ICHQ</Cd>
							<SubFmlyCd>CCHQ</SubFmlyCd>
						</Fmly>
					</Domn>
					<Prtry>
						<Cd>475</Cd>
						<Issr>BAI</Issr>
					</Prtry>
				</BkTxCd>
				<AmtDtls>
					<TxAmt>
						<Amt Ccy="USD">1105.18</Amt>
					</TxAmt>
				</AmtDtls>
				<NtryDtls>
					<TxDtls>
						<Refs>
							<AcctSvcrRef>9570168777</AcctSvcrRef>
							<EndToEndId>553278</EndToEndId>
							<ChqNb>0000000553278</ChqNb>
						</Refs>
						<AmtDtls>
							<TxAmt>
								<Amt Ccy="USD">1105.18</Amt>
							</TxAmt>
						</AmtDtls>
						<Avlbty>
							<Dt>
								<NbOfDays>0</NbOfDays>
							</Dt>
							<Amt Ccy="USD">1105.18</Amt>
							<CdtDbtInd>DBIT</CdtDbtInd>
						</Avlbty>
					</TxDtls>
				</NtryDtls>
			</Ntry>
			<Ntry>
				<NtryRef>325235087202</NtryRef>
				<Amt Ccy="USD">1076.74</Amt>
				<CdtDbtInd>DBIT</CdtDbtInd>
				<Sts>BOOK</Sts>
				<BookgDt>
					<Dt>2021-08-26</Dt>
				</BookgDt>
				<ValDt>
					<Dt>2021-08-26</Dt>
				</ValDt>
				<AcctSvcrRef>9570590564</AcctSvcrRef>
				<Avlbty>
					<Dt>
						<NbOfDays>0</NbOfDays>
					</Dt>
					<Amt Ccy="USD">1076.74</Amt>
					<CdtDbtInd>DBIT</CdtDbtInd>
				</Avlbty>
				<BkTxCd>
					<Domn>
						<Cd>PMNT</Cd>
						<Fmly>
							<Cd>ICHQ</Cd>
							<SubFmlyCd>CCHQ</SubFmlyCd>
						</Fmly>
					</Domn>
					<Prtry>
						<Cd>475</Cd>
						<Issr>BAI</Issr>
					</Prtry>
				</BkTxCd>
				<AmtDtls>
					<TxAmt>
						<Amt Ccy="USD">1076.74</Amt>
					</TxAmt>
				</AmtDtls>
				<NtryDtls>
					<TxDtls>
						<Refs>
							<AcctSvcrRef>9570590564</AcctSvcrRef>
							<EndToEndId>553295</EndToEndId>
							<ChqNb>0000000553295</ChqNb>
						</Refs>
						<AmtDtls>
							<TxAmt>
								<Amt Ccy="USD">1076.74</Amt>
							</TxAmt>
						</AmtDtls>
						<Avlbty>
							<Dt>
								<NbOfDays>0</NbOfDays>
							</Dt>
							<Amt Ccy="USD">1076.74</Amt>
							<CdtDbtInd>DBIT</CdtDbtInd>
						</Avlbty>
					</TxDtls>
				</NtryDtls>
			</Ntry>
			<Ntry>
				<NtryRef>325235087201</NtryRef>
				<Amt Ccy="USD">985.00</Amt>
				<CdtDbtInd>DBIT</CdtDbtInd>
				<Sts>BOOK</Sts>
				<BookgDt>
					<Dt>2021-08-26</Dt>
				</BookgDt>
				<ValDt>
					<Dt>2021-08-26</Dt>
				</ValDt>
				<AcctSvcrRef>8670145911</AcctSvcrRef>
				<Avlbty>
					<Dt>
						<NbOfDays>0</NbOfDays>
					</Dt>
					<Amt Ccy="USD">985.00</Amt>
					<CdtDbtInd>DBIT</CdtDbtInd>
				</Avlbty>
				<BkTxCd>
					<Domn>
						<Cd>PMNT</Cd>
						<Fmly>
							<Cd>ICHQ</Cd>
							<SubFmlyCd>CCHQ</SubFmlyCd>
						</Fmly>
					</Domn>
					<Prtry>
						<Cd>475</Cd>
						<Issr>BAI</Issr>
					</Prtry>
				</BkTxCd>
				<AmtDtls>
					<TxAmt>
						<Amt Ccy="USD">985.00</Amt>
					</TxAmt>
				</AmtDtls>
				<NtryDtls>
					<TxDtls>
						<Refs>
							<AcctSvcrRef>8670145911</AcctSvcrRef>
							<EndToEndId>553340</EndToEndId>
							<ChqNb>0000000553340</ChqNb>
						</Refs>
						<AmtDtls>
							<TxAmt>
								<Amt Ccy="USD">985.00</Amt>
							</TxAmt>
						</AmtDtls>
						<Avlbty>
							<Dt>
								<NbOfDays>0</NbOfDays>
							</Dt>
							<Amt Ccy="USD">985.00</Amt>
							<CdtDbtInd>DBIT</CdtDbtInd>
						</Avlbty>
					</TxDtls>
				</NtryDtls>
			</Ntry>
			<Ntry>
				<NtryRef>325235087200</NtryRef>
				<Amt Ccy="USD">698.36</Amt>
				<CdtDbtInd>DBIT</CdtDbtInd>
				<Sts>BOOK</Sts>
				<BookgDt>
					<Dt>2021-08-26</Dt>
				</BookgDt>
				<ValDt>
					<Dt>2021-08-26</Dt>
				</ValDt>
				<AcctSvcrRef>8670261888</AcctSvcrRef>
				<Avlbty>
					<Dt>
						<NbOfDays>0</NbOfDays>
					</Dt>
					<Amt Ccy="USD">698.36</Amt>
					<CdtDbtInd>DBIT</CdtDbtInd>
				</Avlbty>
				<BkTxCd>
					<Domn>
						<Cd>PMNT</Cd>
						<Fmly>
							<Cd>ICHQ</Cd>
							<SubFmlyCd>CCHQ</SubFmlyCd>
						</Fmly>
					</Domn>
					<Prtry>
						<Cd>475</Cd>
						<Issr>BAI</Issr>
					</Prtry>
				</BkTxCd>
				<AmtDtls>
					<TxAmt>
						<Amt Ccy="USD">698.36</Amt>
					</TxAmt>
				</AmtDtls>
				<NtryDtls>
					<TxDtls>
						<Refs>
							<AcctSvcrRef>8670261888</AcctSvcrRef>
							<EndToEndId>553189</EndToEndId>
							<ChqNb>0000000553189</ChqNb>
						</Refs>
						<AmtDtls>
							<TxAmt>
								<Amt Ccy="USD">698.36</Amt>
							</TxAmt>
						</AmtDtls>
						<Avlbty>
							<Dt>
								<NbOfDays>0</NbOfDays>
							</Dt>
							<Amt Ccy="USD">698.36</Amt>
							<CdtDbtInd>DBIT</CdtDbtInd>
						</Avlbty>
					</TxDtls>
				</NtryDtls>
			</Ntry>
			<Ntry>
				<NtryRef>325235087199</NtryRef>
				<Amt Ccy="USD">436.66</Amt>
				<CdtDbtInd>DBIT</CdtDbtInd>
				<Sts>BOOK</Sts>
				<BookgDt>
					<Dt>2021-08-26</Dt>
				</BookgDt>
				<ValDt>
					<Dt>2021-08-26</Dt>
				</ValDt>
				<AcctSvcrRef>9570168774</AcctSvcrRef>
				<Avlbty>
					<Dt>
						<NbOfDays>0</NbOfDays>
					</Dt>
					<Amt Ccy="USD">436.66</Amt>
					<CdtDbtInd>DBIT</CdtDbtInd>
				</Avlbty>
				<BkTxCd>
					<Domn>
						<Cd>PMNT</Cd>
						<Fmly>
							<Cd>ICHQ</Cd>
							<SubFmlyCd>CCHQ</SubFmlyCd>
						</Fmly>
					</Domn>
					<Prtry>
						<Cd>475</Cd>
						<Issr>BAI</Issr>
					</Prtry>
				</BkTxCd>
				<AmtDtls>
					<TxAmt>
						<Amt Ccy="USD">436.66</Amt>
					</TxAmt>
				</AmtDtls>
				<NtryDtls>
					<TxDtls>
						<Refs>
							<AcctSvcrRef>9570168774</AcctSvcrRef>
							<EndToEndId>553277</EndToEndId>
							<ChqNb>0000000553277</ChqNb>
						</Refs>
						<AmtDtls>
							<TxAmt>
								<Amt Ccy="USD">436.66</Amt>
							</TxAmt>
						</AmtDtls>
						<Avlbty>
							<Dt>
								<NbOfDays>0</NbOfDays>
							</Dt>
							<Amt Ccy="USD">436.66</Amt>
							<CdtDbtInd>DBIT</CdtDbtInd>
						</Avlbty>
					</TxDtls>
				</NtryDtls>
			</Ntry>
			<Ntry>
				<NtryRef>325235087198</NtryRef>
				<Amt Ccy="USD">365.41</Amt>
				<CdtDbtInd>DBIT</CdtDbtInd>
				<Sts>BOOK</Sts>
				<BookgDt>
					<Dt>2021-08-26</Dt>
				</BookgDt>
				<ValDt>
					<Dt>2021-08-26</Dt>
				</ValDt>
				<AcctSvcrRef>9570590556</AcctSvcrRef>
				<Avlbty>
					<Dt>
						<NbOfDays>0</NbOfDays>
					</Dt>
					<Amt Ccy="USD">365.41</Amt>
					<CdtDbtInd>DBIT</CdtDbtInd>
				</Avlbty>
				<BkTxCd>
					<Domn>
						<Cd>PMNT</Cd>
						<Fmly>
							<Cd>ICHQ</Cd>
							<SubFmlyCd>CCHQ</SubFmlyCd>
						</Fmly>
					</Domn>
					<Prtry>
						<Cd>475</Cd>
						<Issr>BAI</Issr>
					</Prtry>
				</BkTxCd>
				<AmtDtls>
					<TxAmt>
						<Amt Ccy="USD">365.41</Amt>
					</TxAmt>
				</AmtDtls>
				<NtryDtls>
					<TxDtls>
						<Refs>
							<AcctSvcrRef>9570590556</AcctSvcrRef>
							<EndToEndId>553311</EndToEndId>
							<ChqNb>0000000553311</ChqNb>
						</Refs>
						<AmtDtls>
							<TxAmt>
								<Amt Ccy="USD">365.41</Amt>
							</TxAmt>
						</AmtDtls>
						<Avlbty>
							<Dt>
								<NbOfDays>0</NbOfDays>
							</Dt>
							<Amt Ccy="USD">365.41</Amt>
							<CdtDbtInd>DBIT</CdtDbtInd>
						</Avlbty>
					</TxDtls>
				</NtryDtls>
			</Ntry>
			<Ntry>
				<NtryRef>325235087197</NtryRef>
				<Amt Ccy="USD">137.89</Amt>
				<CdtDbtInd>DBIT</CdtDbtInd>
				<Sts>BOOK</Sts>
				<BookgDt>
					<Dt>2021-08-26</Dt>
				</BookgDt>
				<ValDt>
					<Dt>2021-08-26</Dt>
				</ValDt>
				<AcctSvcrRef>9570590555</AcctSvcrRef>
				<Avlbty>
					<Dt>
						<NbOfDays>0</NbOfDays>
					</Dt>
					<Amt Ccy="USD">137.89</Amt>
					<CdtDbtInd>DBIT</CdtDbtInd>
				</Avlbty>
				<BkTxCd>
					<Domn>
						<Cd>PMNT</Cd>
						<Fmly>
							<Cd>ICHQ</Cd>
							<SubFmlyCd>CCHQ</SubFmlyCd>
						</Fmly>
					</Domn>
					<Prtry>
						<Cd>475</Cd>
						<Issr>BAI</Issr>
					</Prtry>
				</BkTxCd>
				<AmtDtls>
					<TxAmt>
						<Amt Ccy="USD">137.89</Amt>
					</TxAmt>
				</AmtDtls>
				<NtryDtls>
					<TxDtls>
						<Refs>
							<AcctSvcrRef>9570590555</AcctSvcrRef>
							<EndToEndId>553309</EndToEndId>
							<ChqNb>0000000553309</ChqNb>
						</Refs>
						<AmtDtls>
							<TxAmt>
								<Amt Ccy="USD">137.89</Amt>
							</TxAmt>
						</AmtDtls>
						<Avlbty>
							<Dt>
								<NbOfDays>0</NbOfDays>
							</Dt>
							<Amt Ccy="USD">137.89</Amt>
							<CdtDbtInd>DBIT</CdtDbtInd>
						</Avlbty>
					</TxDtls>
				</NtryDtls>
			</Ntry>
			<Ntry>
				<NtryRef>325235087196</NtryRef>
				<Amt Ccy="USD">97.47</Amt>
				<CdtDbtInd>DBIT</CdtDbtInd>
				<Sts>BOOK</Sts>
				<BookgDt>
					<Dt>2021-08-26</Dt>
				</BookgDt>
				<ValDt>
					<Dt>2021-08-26</Dt>
				</ValDt>
				<AcctSvcrRef>9570591363</AcctSvcrRef>
				<Avlbty>
					<Dt>
						<NbOfDays>0</NbOfDays>
					</Dt>
					<Amt Ccy="USD">97.47</Amt>
					<CdtDbtInd>DBIT</CdtDbtInd>
				</Avlbty>
				<BkTxCd>
					<Domn>
						<Cd>PMNT</Cd>
						<Fmly>
							<Cd>ICHQ</Cd>
							<SubFmlyCd>CCHQ</SubFmlyCd>
						</Fmly>
					</Domn>
					<Prtry>
						<Cd>475</Cd>
						<Issr>BAI</Issr>
					</Prtry>
				</BkTxCd>
				<AmtDtls>
					<TxAmt>
						<Amt Ccy="USD">97.47</Amt>
					</TxAmt>
				</AmtDtls>
				<NtryDtls>
					<TxDtls>
						<Refs>
							<AcctSvcrRef>9570591363</AcctSvcrRef>
							<EndToEndId>553362</EndToEndId>
							<ChqNb>0000000553362</ChqNb>
						</Refs>
						<AmtDtls>
							<TxAmt>
								<Amt Ccy="USD">97.47</Amt>
							</TxAmt>
						</AmtDtls>
						<Avlbty>
							<Dt>
								<NbOfDays>0</NbOfDays>
							</Dt>
							<Amt Ccy="USD">97.47</Amt>
							<CdtDbtInd>DBIT</CdtDbtInd>
						</Avlbty>
					</TxDtls>
				</NtryDtls>
			</Ntry>
			<Ntry>
				<NtryRef>325235087195</NtryRef>
				<Amt Ccy="USD">97.41</Amt>
				<CdtDbtInd>DBIT</CdtDbtInd>
				<Sts>BOOK</Sts>
				<BookgDt>
					<Dt>2021-08-26</Dt>
				</BookgDt>
				<ValDt>
					<Dt>2021-08-26</Dt>
				</ValDt>
				<AcctSvcrRef>9570590557</AcctSvcrRef>
				<Avlbty>
					<Dt>
						<NbOfDays>0</NbOfDays>
					</Dt>
					<Amt Ccy="USD">97.41</Amt>
					<CdtDbtInd>DBIT</CdtDbtInd>
				</Avlbty>
				<BkTxCd>
					<Domn>
						<Cd>PMNT</Cd>
						<Fmly>
							<Cd>ICHQ</Cd>
							<SubFmlyCd>CCHQ</SubFmlyCd>
						</Fmly>
					</Domn>
					<Prtry>
						<Cd>475</Cd>
						<Issr>BAI</Issr>
					</Prtry>
				</BkTxCd>
				<AmtDtls>
					<TxAmt>
						<Amt Ccy="USD">97.41</Amt>
					</TxAmt>
				</AmtDtls>
				<NtryDtls>
					<TxDtls>
						<Refs>
							<AcctSvcrRef>9570590557</AcctSvcrRef>
							<EndToEndId>553294</EndToEndId>
							<ChqNb>0000000553294</ChqNb>
						</Refs>
						<AmtDtls>
							<TxAmt>
								<Amt Ccy="USD">97.41</Amt>
							</TxAmt>
						</AmtDtls>
						<Avlbty>
							<Dt>
								<NbOfDays>0</NbOfDays>
							</Dt>
							<Amt Ccy="USD">97.41</Amt>
							<CdtDbtInd>DBIT</CdtDbtInd>
						</Avlbty>
					</TxDtls>
				</NtryDtls>
			</Ntry>
			<Ntry>
				<NtryRef>325235087194</NtryRef>
				<Amt Ccy="USD">88.09</Amt>
				<CdtDbtInd>DBIT</CdtDbtInd>
				<Sts>BOOK</Sts>
				<BookgDt>
					<Dt>2021-08-26</Dt>
				</BookgDt>
				<ValDt>
					<Dt>2021-08-26</Dt>
				</ValDt>
				<AcctSvcrRef>9570244541</AcctSvcrRef>
				<Avlbty>
					<Dt>
						<NbOfDays>0</NbOfDays>
					</Dt>
					<Amt Ccy="USD">88.09</Amt>
					<CdtDbtInd>DBIT</CdtDbtInd>
				</Avlbty>
				<BkTxCd>
					<Domn>
						<Cd>PMNT</Cd>
						<Fmly>
							<Cd>ICHQ</Cd>
							<SubFmlyCd>CCHQ</SubFmlyCd>
						</Fmly>
					</Domn>
					<Prtry>
						<Cd>475</Cd>
						<Issr>BAI</Issr>
					</Prtry>
				</BkTxCd>
				<AmtDtls>
					<TxAmt>
						<Amt Ccy="USD">88.09</Amt>
					</TxAmt>
				</AmtDtls>
				<NtryDtls>
					<TxDtls>
						<Refs>
							<AcctSvcrRef>9570244541</AcctSvcrRef>
							<EndToEndId>553361</EndToEndId>
							<ChqNb>0000000553361</ChqNb>
						</Refs>
						<AmtDtls>
							<TxAmt>
								<Amt Ccy="USD">88.09</Amt>
							</TxAmt>
						</AmtDtls>
						<Avlbty>
							<Dt>
								<NbOfDays>0</NbOfDays>
							</Dt>
							<Amt Ccy="USD">88.09</Amt>
							<CdtDbtInd>DBIT</CdtDbtInd>
						</Avlbty>
					</TxDtls>
				</NtryDtls>
			</Ntry>
			<Ntry>
				<NtryRef>325235087193</NtryRef>
				<Amt Ccy="USD">50.00</Amt>
				<CdtDbtInd>DBIT</CdtDbtInd>
				<Sts>BOOK</Sts>
				<BookgDt>
					<Dt>2021-08-26</Dt>
				</BookgDt>
				<ValDt>
					<Dt>2021-08-26</Dt>
				</ValDt>
				<AcctSvcrRef>9570192800</AcctSvcrRef>
				<Avlbty>
					<Dt>
						<NbOfDays>0</NbOfDays>
					</Dt>
					<Amt Ccy="USD">50.00</Amt>
					<CdtDbtInd>DBIT</CdtDbtInd>
				</Avlbty>
				<BkTxCd>
					<Domn>
						<Cd>PMNT</Cd>
						<Fmly>
							<Cd>ICHQ</Cd>
							<SubFmlyCd>CCHQ</SubFmlyCd>
						</Fmly>
					</Domn>
					<Prtry>
						<Cd>475</Cd>
						<Issr>BAI</Issr>
					</Prtry>
				</BkTxCd>
				<AmtDtls>
					<TxAmt>
						<Amt Ccy="USD">50.00</Amt>
					</TxAmt>
				</AmtDtls>
				<NtryDtls>
					<TxDtls>
						<Refs>
							<AcctSvcrRef>9570192800</AcctSvcrRef>
							<EndToEndId>553334</EndToEndId>
							<ChqNb>0000000553334</ChqNb>
						</Refs>
						<AmtDtls>
							<TxAmt>
								<Amt Ccy="USD">50.00</Amt>
							</TxAmt>
						</AmtDtls>
						<Avlbty>
							<Dt>
								<NbOfDays>0</NbOfDays>
							</Dt>
							<Amt Ccy="USD">50.00</Amt>
							<CdtDbtInd>DBIT</CdtDbtInd>
						</Avlbty>
					</TxDtls>
				</NtryDtls>
			</Ntry>
			<Ntry>
				<NtryRef>325235087192</NtryRef>
				<Amt Ccy="USD">25.00</Amt>
				<CdtDbtInd>DBIT</CdtDbtInd>
				<Sts>BOOK</Sts>
				<BookgDt>
					<Dt>2021-08-26</Dt>
				</BookgDt>
				<ValDt>
					<Dt>2021-08-26</Dt>
				</ValDt>
				<AcctSvcrRef>8670580426</AcctSvcrRef>
				<Avlbty>
					<Dt>
						<NbOfDays>0</NbOfDays>
					</Dt>
					<Amt Ccy="USD">25.00</Amt>
					<CdtDbtInd>DBIT</CdtDbtInd>
				</Avlbty>
				<BkTxCd>
					<Domn>
						<Cd>PMNT</Cd>
						<Fmly>
							<Cd>ICHQ</Cd>
							<SubFmlyCd>CCHQ</SubFmlyCd>
						</Fmly>
					</Domn>
					<Prtry>
						<Cd>475</Cd>
						<Issr>BAI</Issr>
					</Prtry>
				</BkTxCd>
				<AmtDtls>
					<TxAmt>
						<Amt Ccy="USD">25.00</Amt>
					</TxAmt>
				</AmtDtls>
				<NtryDtls>
					<TxDtls>
						<Refs>
							<AcctSvcrRef>8670580426</AcctSvcrRef>
							<EndToEndId>553333</EndToEndId>
							<ChqNb>0000000553333</ChqNb>
						</Refs>
						<AmtDtls>
							<TxAmt>
								<Amt Ccy="USD">25.00</Amt>
							</TxAmt>
						</AmtDtls>
						<Avlbty>
							<Dt>
								<NbOfDays>0</NbOfDays>
							</Dt>
							<Amt Ccy="USD">25.00</Amt>
							<CdtDbtInd>DBIT</CdtDbtInd>
						</Avlbty>
					</TxDtls>
				</NtryDtls>
			</Ntry>
			<Ntry>
				<NtryRef>325235087191</NtryRef>
				<Amt Ccy="USD">2.00</Amt>
				<CdtDbtInd>DBIT</CdtDbtInd>
				<Sts>BOOK</Sts>
				<BookgDt>
					<Dt>2021-08-26</Dt>
				</BookgDt>
				<ValDt>
					<Dt>2021-08-26</Dt>
				</ValDt>
				<AcctSvcrRef>8670641518</AcctSvcrRef>
				<Avlbty>
					<Dt>
						<NbOfDays>0</NbOfDays>
					</Dt>
					<Amt Ccy="USD">2.00</Amt>
					<CdtDbtInd>DBIT</CdtDbtInd>
				</Avlbty>
				<BkTxCd>
					<Domn>
						<Cd>PMNT</Cd>
						<Fmly>
							<Cd>ICHQ</Cd>
							<SubFmlyCd>CCHQ</SubFmlyCd>
						</Fmly>
					</Domn>
					<Prtry>
						<Cd>475</Cd>
						<Issr>BAI</Issr>
					</Prtry>
				</BkTxCd>
				<AmtDtls>
					<TxAmt>
						<Amt Ccy="USD">2.00</Amt>
					</TxAmt>
				</AmtDtls>
				<NtryDtls>
					<TxDtls>
						<Refs>
							<AcctSvcrRef>8670641518</AcctSvcrRef>
							<EndToEndId>553174</EndToEndId>
							<ChqNb>0000000553174</ChqNb>
						</Refs>
						<AmtDtls>
							<TxAmt>
								<Amt Ccy="USD">2.00</Amt>
							</TxAmt>
						</AmtDtls>
						<Avlbty>
							<Dt>
								<NbOfDays>0</NbOfDays>
							</Dt>
							<Amt Ccy="USD">2.00</Amt>
							<CdtDbtInd>DBIT</CdtDbtInd>
						</Avlbty>
					</TxDtls>
				</NtryDtls>
			</Ntry>
		</Stmt>
		<Stmt>
			<Id>2021-08-31T09:24:16000000921259974</Id>
			<ElctrncSeqNb>0</ElctrncSeqNb>
			<CreDtTm>2021-08-31T13:24:16.0Z</CreDtTm>
			<Acct>
				<Id>
					<Othr>
						<Id>000000921259974</Id>
					</Othr>
				</Id>
				<Ccy>USD</Ccy>
				<Nm>FRESEN KABI USA LLC</Nm>
				<Svcr>
					<FinInstnId>
						<ClrSysMmbId>
							<ClrSysId>
								<Cd>USABA</Cd>
							</ClrSysId>
							<MmbId>071000013</MmbId>
						</ClrSysMmbId>
						<Nm>JPMorgan Chase Bank, N.A. (IL)</Nm>
					</FinInstnId>
				</Svcr>
			</Acct>
			<Bal>
				<Tp>
					<CdOrPrtry>
						<Cd>OPBD</Cd>
					</CdOrPrtry>
				</Tp>
				<Amt Ccy="USD">0.00</Amt>
				<CdtDbtInd>CRDT</CdtDbtInd>
				<Dt>
					<Dt>2021-08-26</Dt>
				</Dt>
			</Bal>
			<Bal>
				<Tp>
					<CdOrPrtry>
						<Cd>CLBD</Cd>
					</CdOrPrtry>
				</Tp>
				<Amt Ccy="USD">0.00</Amt>
				<CdtDbtInd>CRDT</CdtDbtInd>
				<Dt>
					<Dt>2021-08-26</Dt>
				</Dt>
			</Bal>
			<Bal>
				<Tp>
					<CdOrPrtry>
						<Cd>OPAV</Cd>
					</CdOrPrtry>
				</Tp>
				<Amt Ccy="USD">0.00</Amt>
				<CdtDbtInd>CRDT</CdtDbtInd>
				<Dt>
					<Dt>2021-08-26</Dt>
				</Dt>
			</Bal>
			<Bal>
				<Tp>
					<CdOrPrtry>
						<Cd>FWAV</Cd>
					</CdOrPrtry>
				</Tp>
				<Amt Ccy="USD">0.00</Amt>
				<CdtDbtInd>CRDT</CdtDbtInd>
				<Dt>
					<Dt>2021-08-27</Dt>
				</Dt>
			</Bal>
			<Bal>
				<Tp>
					<CdOrPrtry>
						<Cd>CLAV</Cd>
					</CdOrPrtry>
				</Tp>
				<Amt Ccy="USD">0.00</Amt>
				<CdtDbtInd>CRDT</CdtDbtInd>
				<Dt>
					<Dt>2021-08-26</Dt>
				</Dt>
			</Bal>
			<TxsSummry>
				<TtlNtries>
					<NbOfNtries>0</NbOfNtries>
					<Sum>0.00</Sum>
					<TtlNetNtryAmt>0.00</TtlNetNtryAmt>
					<CdtDbtInd>CRDT</CdtDbtInd>
				</TtlNtries>
				<TtlCdtNtries>
					<NbOfNtries>0</NbOfNtries>
					<Sum>0.00</Sum>
				</TtlCdtNtries>
				<TtlDbtNtries>
					<NbOfNtries>0</NbOfNtries>
					<Sum>0.00</Sum>
				</TtlDbtNtries>
			</TxsSummry>
			<Ntry>
				<NtryRef>325216751774</NtryRef>
				<Amt Ccy="USD">23487735.33</Amt>
				<CdtDbtInd>CRDT</CdtDbtInd>
				<Sts>BOOK</Sts>
				<BookgDt>
					<Dt>2021-08-26</Dt>
				</BookgDt>
				<ValDt>
					<Dt>2021-08-26</Dt>
				</ValDt>
				<AcctSvcrRef>0074000300XF</AcctSvcrRef>
				<Avlbty>
					<Dt>
						<NbOfDays>0</NbOfDays>
					</Dt>
					<Amt Ccy="USD">23487735.33</Amt>
					<CdtDbtInd>CRDT</CdtDbtInd>
				</Avlbty>
				<BkTxCd>
					<Domn>
						<Cd>CAMT</Cd>
						<Fmly>
							<Cd>ACCB</Cd>
							<SubFmlyCd>ZABA</SubFmlyCd>
						</Fmly>
					</Domn>
					<Prtry>
						<Cd>275</Cd>
						<Issr>BAI</Issr>
					</Prtry>
				</BkTxCd>
				<AmtDtls>
					<TxAmt>
						<Amt Ccy="USD">23487735.33</Amt>
					</TxAmt>
				</AmtDtls>
				<NtryDtls>
					<TxDtls>
						<Refs>
							<AcctSvcrRef>0074000300XF</AcctSvcrRef>
							<EndToEndId>352818170</EndToEndId>
						</Refs>
						<AmtDtls>
							<TxAmt>
								<Amt Ccy="USD">23487735.33</Amt>
							</TxAmt>
						</AmtDtls>
						<Avlbty>
							<Dt>
								<NbOfDays>0</NbOfDays>
							</Dt>
							<Amt Ccy="USD">23487735.33</Amt>
							<CdtDbtInd>CRDT</CdtDbtInd>
						</Avlbty>
						<RmtInf>
							<Ustrd>REMARK=CASH CONCENTRATION TRANSFER CREDIT FROM ACCOUNT 000000352818170 TRN: 0074000300XF</Ustrd>
						</RmtInf>
					</TxDtls>
				</NtryDtls>
			</Ntry>
			<Ntry>
				<NtryRef>325216751776</NtryRef>
				<Amt Ccy="USD">553988.57</Amt>
				<CdtDbtInd>DBIT</CdtDbtInd>
				<Sts>BOOK</Sts>
				<BookgDt>
					<Dt>2021-08-26</Dt>
				</BookgDt>
				<ValDt>
					<Dt>2021-08-26</Dt>
				</ValDt>
				<AcctSvcrRef>2374111992TC</AcctSvcrRef>
				<Avlbty>
					<Dt>
						<NbOfDays>0</NbOfDays>
					</Dt>
					<Amt Ccy="USD">553988.57</Amt>
					<CdtDbtInd>DBIT</CdtDbtInd>
				</Avlbty>
				<BkTxCd>
					<Domn>
						<Cd>PMNT</Cd>
						<Fmly>
							<Cd>RDDT</Cd>
							<SubFmlyCd>ADBT</SubFmlyCd>
						</Fmly>
					</Domn>
					<Prtry>
						<Cd>455</Cd>
						<Issr>BAI</Issr>
					</Prtry>
				</BkTxCd>
				<AmtDtls>
					<TxAmt>
						<Amt Ccy="USD">553988.57</Amt>
					</TxAmt>
				</AmtDtls>
				<NtryDtls>
					<TxDtls>
						<Refs>
							<AcctSvcrRef>2374111992TC</AcctSvcrRef>
							<EndToEndId>921259974</EndToEndId>
							<TxId>021000024111992</TxId>
							<Prtry>
								<Tp>ENTRY CLASS</Tp>
								<Ref>CCD</Ref>
							</Prtry>
						</Refs>
						<AmtDtls>
							<TxAmt>
								<Amt Ccy="USD">553988.57</Amt>
							</TxAmt>
						</AmtDtls>
						<Avlbty>
							<Dt>
								<NbOfDays>0</NbOfDays>
							</Dt>
							<Amt Ccy="USD">553988.57</Amt>
							<CdtDbtInd>DBIT</CdtDbtInd>
						</Avlbty>
						<RltdPties>
							<Dbtr>
								<Nm>FRESENIUS KABI USA LLC</Nm>
							</Dbtr>
							<Cdtr>
								<Nm>EXPRESS SCRIPTS</Nm>
								<Id>
									<OrgId>
										<Othr>
											<Id>9001016856</Id>
										</Othr>
									</OrgId>
								</Id>
							</Cdtr>
						</RltdPties>
						<RltdAgts>
							<CdtrAgt>
								<FinInstnId>
									<Nm>JPMorgan Chase Bank, N.A. (NY)</Nm>
								</FinInstnId>
							</CdtrAgt>
						</RltdAgts>
						<Purp>
							<Prtry>ESI-ARPADS</Prtry>
						</Purp>
						<RmtInf>
							<Ustrd>ENTRY DATE=210826;IND NAME=FRESENIUS KABI USA LLC</Ustrd>
						</RmtInf>
					</TxDtls>
				</NtryDtls>
			</Ntry>
			<Ntry>
				<NtryRef>325216751775</NtryRef>
				<Amt Ccy="USD">48.50</Amt>
				<CdtDbtInd>DBIT</CdtDbtInd>
				<Sts>BOOK</Sts>
				<BookgDt>
					<Dt>2021-08-26</Dt>
				</BookgDt>
				<ValDt>
					<Dt>2021-08-26</Dt>
				</ValDt>
				<AcctSvcrRef>2374112003TC</AcctSvcrRef>
				<Avlbty>
					<Dt>
						<NbOfDays>0</NbOfDays>
					</Dt>
					<Amt Ccy="USD">48.50</Amt>
					<CdtDbtInd>DBIT</CdtDbtInd>
				</Avlbty>
				<BkTxCd>
					<Domn>
						<Cd>PMNT</Cd>
						<Fmly>
							<Cd>RDDT</Cd>
							<SubFmlyCd>ADBT</SubFmlyCd>
						</Fmly>
					</Domn>
					<Prtry>
						<Cd>455</Cd>
						<Issr>BAI</Issr>
					</Prtry>
				</BkTxCd>
				<AmtDtls>
					<TxAmt>
						<Amt Ccy="USD">48.50</Amt>
					</TxAmt>
				</AmtDtls>
				<NtryDtls>
					<TxDtls>
						<Refs>
							<AcctSvcrRef>2374112003TC</AcctSvcrRef>
							<EndToEndId>866-290-5400</EndToEndId>
							<TxId>091000014112003</TxId>
							<Prtry>
								<Tp>ENTRY CLASS</Tp>
								<Ref>WEB</Ref>
							</Prtry>
						</Refs>
						<AmtDtls>
							<TxAmt>
								<Amt Ccy="USD">48.50</Amt>
							</TxAmt>
						</AmtDtls>
						<Avlbty>
							<Dt>
								<NbOfDays>0</NbOfDays>
							</Dt>
							<Amt Ccy="USD">48.50</Amt>
							<CdtDbtInd>DBIT</CdtDbtInd>
						</Avlbty>
						<RltdPties>
							<Dbtr>
								<Nm>FRESENIUS KABI LLC</Nm>
							</Dbtr>
							<Cdtr>
								<Nm>HUNTSVILLE BUSIN</Nm>
								<Id>
									<OrgId>
										<Othr>
											<Id>5330903620</Id>
										</Othr>
									</OrgId>
								</Id>
							</Cdtr>
						</RltdPties>
						<RltdAgts>
							<CdtrAgt>
								<FinInstnId>
									<Nm>NORWEST BANK, NORTHWESTERN</Nm>
								</FinInstnId>
							</CdtrAgt>
						</RltdAgts>
						<Purp>
							<Prtry>249077</Prtry>
						</Purp>
						<RmtInf>
							<Ustrd>DESC DATE=210825;ENTRY DATE=210826;IND NAME=FRESENIUS KABI LLC</Ustrd>
						</RmtInf>
					</TxDtls>
				</NtryDtls>
			</Ntry>
			<Ntry>
				<NtryRef>325216751780</NtryRef>
				<Amt Ccy="USD">18671572.33</Amt>
				<CdtDbtInd>DBIT</CdtDbtInd>
				<Sts>BOOK</Sts>
				<BookgDt>
					<Dt>2021-08-26</Dt>
				</BookgDt>
				<ValDt>
					<Dt>2021-08-26</Dt>
				</ValDt>
				<AcctSvcrRef>2374112000TC</AcctSvcrRef>
				<Avlbty>
					<Dt>
						<NbOfDays>0</NbOfDays>
					</Dt>
					<Amt Ccy="USD">18671572.33</Amt>
					<CdtDbtInd>DBIT</CdtDbtInd>
				</Avlbty>
				<BkTxCd>
					<Domn>
						<Cd>PMNT</Cd>
						<Fmly>
							<Cd>ICDT</Cd>
							<SubFmlyCd>ASET</SubFmlyCd>
						</Fmly>
					</Domn>
					<Prtry>
						<Cd>466</Cd>
						<Issr>BAI</Issr>
					</Prtry>
				</BkTxCd>
				<AmtDtls>
					<TxAmt>
						<Amt Ccy="USD">18671572.33</Amt>
					</TxAmt>
				</AmtDtls>
				<NtryDtls>
					<TxDtls>
						<Refs>
							<AcctSvcrRef>2374112000TC</AcctSvcrRef>
							<EndToEndId>2300431736</EndToEndId>
							<TxId>021000024112000</TxId>
							<Prtry>
								<Tp>ENTRY CLASS</Tp>
								<Ref>CCD</Ref>
							</Prtry>
						</Refs>
						<AmtDtls>
							<TxAmt>
								<Amt Ccy="USD">18671572.33</Amt>
							</TxAmt>
						</AmtDtls>
						<Avlbty>
							<Dt>
								<NbOfDays>0</NbOfDays>
							</Dt>
							<Amt Ccy="USD">18671572.33</Amt>
							<CdtDbtInd>DBIT</CdtDbtInd>
						</Avlbty>
						<RltdPties>
							<Cdtr>
								<Nm>FRESENIUS KABI U</Nm>
								<Id>
									<OrgId>
										<Othr>
											<Id>2300431736</Id>
										</Othr>
									</OrgId>
								</Id>
							</Cdtr>
						</RltdPties>
						<RltdAgts>
							<CdtrAgt>
								<FinInstnId>
									<Nm>JPMorgan Chase Bank, N.A. (NY)</Nm>
								</FinInstnId>
							</CdtrAgt>
						</RltdAgts>
						<Purp>
							<Prtry>PAYMENTS</Prtry>
						</Purp>
						<RmtInf>
							<Ustrd>COMPANY DATA=210825 FYLBJQ;DESC DATE=OFFSET;ENTRY DATE=210826;IND NAME=EFT FILE NAME: FYLBJQ;REMARK=EFT/ACH CREATED OFFSET FOR ORIGIN#:13004</Ustrd>
							<Ustrd>31736 CO EFF DATE: 21/08/26</Ustrd>
						</RmtInf>
					</TxDtls>
				</NtryDtls>
				<AddtlNtryInf>EFT FILE NAME: FYLBJQ</AddtlNtryInf>
			</Ntry>
			<Ntry>
				<NtryRef>325216751779</NtryRef>
				<Amt Ccy="USD">3735416.27</Amt>
				<CdtDbtInd>DBIT</CdtDbtInd>
				<Sts>BOOK</Sts>
				<BookgDt>
					<Dt>2021-08-26</Dt>
				</BookgDt>
				<ValDt>
					<Dt>2021-08-26</Dt>
				</ValDt>
				<AcctSvcrRef>2374111997TC</AcctSvcrRef>
				<Avlbty>
					<Dt>
						<NbOfDays>0</NbOfDays>
					</Dt>
					<Amt Ccy="USD">3735416.27</Amt>
					<CdtDbtInd>DBIT</CdtDbtInd>
				</Avlbty>
				<BkTxCd>
					<Domn>
						<Cd>PMNT</Cd>
						<Fmly>
							<Cd>ICDT</Cd>
							<SubFmlyCd>ASET</SubFmlyCd>
						</Fmly>
					</Domn>
					<Prtry>
						<Cd>466</Cd>
						<Issr>BAI</Issr>
					</Prtry>
				</BkTxCd>
				<AmtDtls>
					<TxAmt>
						<Amt Ccy="USD">3735416.27</Amt>
					</TxAmt>
				</AmtDtls>
				<NtryDtls>
					<TxDtls>
						<Refs>
							<AcctSvcrRef>2374111997TC</AcctSvcrRef>
							<EndToEndId>2300431736</EndToEndId>
							<TxId>021000024111997</TxId>
							<Prtry>
								<Tp>ENTRY CLASS</Tp>
								<Ref>CCD</Ref>
							</Prtry>
						</Refs>
						<AmtDtls>
							<TxAmt>
								<Amt Ccy="USD">3735416.27</Amt>
							</TxAmt>
						</AmtDtls>
						<Avlbty>
							<Dt>
								<NbOfDays>0</NbOfDays>
							</Dt>
							<Amt Ccy="USD">3735416.27</Amt>
							<CdtDbtInd>DBIT</CdtDbtInd>
						</Avlbty>
						<RltdPties>
							<Cdtr>
								<Nm>FRESENIUS KABI U</Nm>
								<Id>
									<OrgId>
										<Othr>
											<Id>2300431736</Id>
										</Othr>
									</OrgId>
								</Id>
							</Cdtr>
						</RltdPties>
						<RltdAgts>
							<CdtrAgt>
								<FinInstnId>
									<Nm>JPMorgan Chase Bank, N.A. (NY)</Nm>
								</FinInstnId>
							</CdtrAgt>
						</RltdAgts>
						<Purp>
							<Prtry>PAYMENTS</Prtry>
						</Purp>
						<RmtInf>
							<Ustrd>COMPANY DATA=210825 RC2371XC;DESC DATE=OFFSET;ENTRY DATE=210826;IND NAME=EFT FILE NAME: RC2371X;REMARK=EFT/ACH CREATED OFFSET FOR ORIGIN#:13</Ustrd>
							<Ustrd>00431736 CO EFF DATE: 21/08/26</Ustrd>
						</RmtInf>
					</TxDtls>
				</NtryDtls>
				<AddtlNtryInf>EFT FILE NAME: RC2371X</AddtlNtryInf>
			</Ntry>
			<Ntry>
				<NtryRef>325216751778</NtryRef>
				<Amt Ccy="USD">501479.93</Amt>
				<CdtDbtInd>DBIT</CdtDbtInd>
				<Sts>BOOK</Sts>
				<BookgDt>
					<Dt>2021-08-26</Dt>
				</BookgDt>
				<ValDt>
					<Dt>2021-08-26</Dt>
				</ValDt>
				<AcctSvcrRef>2374111994TC</AcctSvcrRef>
				<Avlbty>
					<Dt>
						<NbOfDays>0</NbOfDays>
					</Dt>
					<Amt Ccy="USD">501479.93</Amt>
					<CdtDbtInd>DBIT</CdtDbtInd>
				</Avlbty>
				<BkTxCd>
					<Domn>
						<Cd>PMNT</Cd>
						<Fmly>
							<Cd>ICDT</Cd>
							<SubFmlyCd>ASET</SubFmlyCd>
						</Fmly>
					</Domn>
					<Prtry>
						<Cd>466</Cd>
						<Issr>BAI</Issr>
					</Prtry>
				</BkTxCd>
				<AmtDtls>
					<TxAmt>
						<Amt Ccy="USD">501479.93</Amt>
					</TxAmt>
				</AmtDtls>
				<NtryDtls>
					<TxDtls>
						<Refs>
							<AcctSvcrRef>2374111994TC</AcctSvcrRef>
							<EndToEndId>2300431736</EndToEndId>
							<TxId>021000024111994</TxId>
							<Prtry>
								<Tp>ENTRY CLASS</Tp>
								<Ref>CCD</Ref>
							</Prtry>
						</Refs>
						<AmtDtls>
							<TxAmt>
								<Amt Ccy="USD">501479.93</Amt>
							</TxAmt>
						</AmtDtls>
						<Avlbty>
							<Dt>
								<NbOfDays>0</NbOfDays>
							</Dt>
							<Amt Ccy="USD">501479.93</Amt>
							<CdtDbtInd>DBIT</CdtDbtInd>
						</Avlbty>
						<RltdPties>
							<Cdtr>
								<Nm>FRESENIUS KABI,</Nm>
								<Id>
									<OrgId>
										<Othr>
											<Id>2300431736</Id>
										</Othr>
									</OrgId>
								</Id>
							</Cdtr>
						</RltdPties>
						<RltdAgts>
							<CdtrAgt>
								<FinInstnId>
									<Nm>JPMorgan Chase Bank, N.A. (NY)</Nm>
								</FinInstnId>
							</CdtrAgt>
						</RltdAgts>
						<Purp>
							<Prtry>PAYMENTS</Prtry>
						</Purp>
						<RmtInf>
							<Ustrd>COMPANY DATA=210825 FYL96T;DESC DATE=OFFSET;ENTRY DATE=210826;IND NAME=EFT FILE NAME: FYL96T;REMARK=EFT/ACH CREATED OFFSET FOR ORIGIN#:13004</Ustrd>
							<Ustrd>31736 CO EFF DATE: 21/08/26</Ustrd>
						</RmtInf>
					</TxDtls>
				</NtryDtls>
				<AddtlNtryInf>EFT FILE NAME: FYL96T</AddtlNtryInf>
			</Ntry>
			<Ntry>
				<NtryRef>325216751777</NtryRef>
				<Amt Ccy="USD">25229.73</Amt>
				<CdtDbtInd>DBIT</CdtDbtInd>
				<Sts>BOOK</Sts>
				<BookgDt>
					<Dt>2021-08-26</Dt>
				</BookgDt>
				<ValDt>
					<Dt>2021-08-26</Dt>
				</ValDt>
				<AcctSvcrRef>2374111989TC</AcctSvcrRef>
				<Avlbty>
					<Dt>
						<NbOfDays>0</NbOfDays>
					</Dt>
					<Amt Ccy="USD">25229.73</Amt>
					<CdtDbtInd>DBIT</CdtDbtInd>
				</Avlbty>
				<BkTxCd>
					<Domn>
						<Cd>PMNT</Cd>
						<Fmly>
							<Cd>ICDT</Cd>
							<SubFmlyCd>ASET</SubFmlyCd>
						</Fmly>
					</Domn>
					<Prtry>
						<Cd>466</Cd>
						<Issr>BAI</Issr>
					</Prtry>
				</BkTxCd>
				<AmtDtls>
					<TxAmt>
						<Amt Ccy="USD">25229.73</Amt>
					</TxAmt>
				</AmtDtls>
				<NtryDtls>
					<TxDtls>
						<Refs>
							<AcctSvcrRef>2374111989TC</AcctSvcrRef>
							<EndToEndId>2300431736</EndToEndId>
							<TxId>021000024111989</TxId>
							<Prtry>
								<Tp>ENTRY CLASS</Tp>
								<Ref>CCD</Ref>
							</Prtry>
						</Refs>
						<AmtDtls>
							<TxAmt>
								<Amt Ccy="USD">25229.73</Amt>
							</TxAmt>
						</AmtDtls>
						<Avlbty>
							<Dt>
								<NbOfDays>0</NbOfDays>
							</Dt>
							<Amt Ccy="USD">25229.73</Amt>
							<CdtDbtInd>DBIT</CdtDbtInd>
						</Avlbty>
						<RltdPties>
							<Cdtr>
								<Nm>FRESENIUS KABI,</Nm>
								<Id>
									<OrgId>
										<Othr>
											<Id>2300431736</Id>
										</Othr>
									</OrgId>
								</Id>
							</Cdtr>
						</RltdPties>
						<RltdAgts>
							<CdtrAgt>
								<FinInstnId>
									<Nm>JPMorgan Chase Bank, N.A. (NY)</Nm>
								</FinInstnId>
							</CdtrAgt>
						</RltdAgts>
						<Purp>
							<Prtry>PAYMENTS</Prtry>
						</Purp>
						<RmtInf>
							<Ustrd>COMPANY DATA=210825 FYLA86;DESC DATE=OFFSET;ENTRY DATE=210826;IND NAME=EFT FILE NAME: FYLA86;REMARK=EFT/ACH CREATED OFFSET FOR ORIGIN#:13004</Ustrd>
							<Ustrd>31736 CO EFF DATE: 21/08/26</Ustrd>
						</RmtInf>
					</TxDtls>
				</NtryDtls>
				<AddtlNtryInf>EFT FILE NAME: FYLA86</AddtlNtryInf>
			</Ntry>
		</Stmt>
		<Stmt>
			<Id>2021-08-31T09:24:16000000921259990</Id>
			<ElctrncSeqNb>0</ElctrncSeqNb>
			<CreDtTm>2021-08-31T13:24:16.0Z</CreDtTm>
			<Acct>
				<Id>
					<Othr>
						<Id>000000921259990</Id>
					</Othr>
				</Id>
				<Ccy>USD</Ccy>
				<Nm>FRESEN KABI USA LLC</Nm>
				<Svcr>
					<FinInstnId>
						<ClrSysMmbId>
							<ClrSysId>
								<Cd>USABA</Cd>
							</ClrSysId>
							<MmbId>071000013</MmbId>
						</ClrSysMmbId>
						<Nm>JPMorgan Chase Bank, N.A. (IL)</Nm>
					</FinInstnId>
				</Svcr>
			</Acct>
			<Bal>
				<Tp>
					<CdOrPrtry>
						<Cd>OPBD</Cd>
					</CdOrPrtry>
				</Tp>
				<Amt Ccy="USD">0.00</Amt>
				<CdtDbtInd>CRDT</CdtDbtInd>
				<Dt>
					<Dt>2021-08-26</Dt>
				</Dt>
			</Bal>
			<Bal>
				<Tp>
					<CdOrPrtry>
						<Cd>CLBD</Cd>
					</CdOrPrtry>
				</Tp>
				<Amt Ccy="USD">0.00</Amt>
				<CdtDbtInd>CRDT</CdtDbtInd>
				<Dt>
					<Dt>2021-08-26</Dt>
				</Dt>
			</Bal>
			<Bal>
				<Tp>
					<CdOrPrtry>
						<Cd>OPAV</Cd>
					</CdOrPrtry>
				</Tp>
				<Amt Ccy="USD">0.00</Amt>
				<CdtDbtInd>CRDT</CdtDbtInd>
				<Dt>
					<Dt>2021-08-26</Dt>
				</Dt>
			</Bal>
			<Bal>
				<Tp>
					<CdOrPrtry>
						<Cd>FWAV</Cd>
					</CdOrPrtry>
				</Tp>
				<Amt Ccy="USD">0.00</Amt>
				<CdtDbtInd>CRDT</CdtDbtInd>
				<Dt>
					<Dt>2021-08-27</Dt>
				</Dt>
			</Bal>
			<Bal>
				<Tp>
					<CdOrPrtry>
						<Cd>CLAV</Cd>
					</CdOrPrtry>
				</Tp>
				<Amt Ccy="USD">0.00</Amt>
				<CdtDbtInd>CRDT</CdtDbtInd>
				<Dt>
					<Dt>2021-08-26</Dt>
				</Dt>
			</Bal>
			<TxsSummry>
				<TtlNtries>
					<NbOfNtries>0</NbOfNtries>
					<Sum>0.00</Sum>
					<TtlNetNtryAmt>0.00</TtlNetNtryAmt>
					<CdtDbtInd>CRDT</CdtDbtInd>
				</TtlNtries>
				<TtlCdtNtries>
					<NbOfNtries>0</NbOfNtries>
					<Sum>0.00</Sum>
				</TtlCdtNtries>
				<TtlDbtNtries>
					<NbOfNtries>0</NbOfNtries>
					<Sum>0.00</Sum>
				</TtlDbtNtries>
			</TxsSummry>
			<Ntry>
				<NtryRef>325216842155</NtryRef>
				<Amt Ccy="USD">1623715.76</Amt>
				<CdtDbtInd>CRDT</CdtDbtInd>
				<Sts>BOOK</Sts>
				<BookgDt>
					<Dt>2021-08-26</Dt>
				</BookgDt>
				<ValDt>
					<Dt>2021-08-26</Dt>
				</ValDt>
				<AcctSvcrRef>0074140300XF</AcctSvcrRef>
				<Avlbty>
					<Dt>
						<NbOfDays>0</NbOfDays>
					</Dt>
					<Amt Ccy="USD">1623715.76</Amt>
					<CdtDbtInd>CRDT</CdtDbtInd>
				</Avlbty>
				<BkTxCd>
					<Domn>
						<Cd>CAMT</Cd>
						<Fmly>
							<Cd>ACCB</Cd>
							<SubFmlyCd>ZABA</SubFmlyCd>
						</Fmly>
					</Domn>
					<Prtry>
						<Cd>275</Cd>
						<Issr>BAI</Issr>
					</Prtry>
				</BkTxCd>
				<AmtDtls>
					<TxAmt>
						<Amt Ccy="USD">1623715.76</Amt>
					</TxAmt>
				</AmtDtls>
				<NtryDtls>
					<TxDtls>
						<Refs>
							<AcctSvcrRef>0074140300XF</AcctSvcrRef>
							<EndToEndId>352818170</EndToEndId>
						</Refs>
						<AmtDtls>
							<TxAmt>
								<Amt Ccy="USD">1623715.76</Amt>
							</TxAmt>
						</AmtDtls>
						<Avlbty>
							<Dt>
								<NbOfDays>0</NbOfDays>
							</Dt>
							<Amt Ccy="USD">1623715.76</Amt>
							<CdtDbtInd>CRDT</CdtDbtInd>
						</Avlbty>
						<RmtInf>
							<Ustrd>REMARK=CASH CONCENTRATION TRANSFER CREDIT FROM ACCOUNT 000000352818170 TRN: 0074140300XF</Ustrd>
						</RmtInf>
					</TxDtls>
				</NtryDtls>
			</Ntry>
			<Ntry>
				<NtryRef>325216842161</NtryRef>
				<Amt Ccy="USD">1503791.46</Amt>
				<CdtDbtInd>DBIT</CdtDbtInd>
				<Sts>BOOK</Sts>
				<BookgDt>
					<Dt>2021-08-26</Dt>
				</BookgDt>
				<ValDt>
					<Dt>2021-08-26</Dt>
				</ValDt>
				<AcctSvcrRef>2382050433TC</AcctSvcrRef>
				<Avlbty>
					<Dt>
						<NbOfDays>0</NbOfDays>
					</Dt>
					<Amt Ccy="USD">1503791.46</Amt>
					<CdtDbtInd>DBIT</CdtDbtInd>
				</Avlbty>
				<BkTxCd>
					<Domn>
						<Cd>PMNT</Cd>
						<Fmly>
							<Cd>RDDT</Cd>
							<SubFmlyCd>ADBT</SubFmlyCd>
						</Fmly>
					</Domn>
					<Prtry>
						<Cd>455</Cd>
						<Issr>BAI</Issr>
					</Prtry>
				</BkTxCd>
				<AmtDtls>
					<TxAmt>
						<Amt Ccy="USD">1503791.46</Amt>
					</TxAmt>
				</AmtDtls>
				<NtryDtls>
					<TxDtls>
						<Refs>
							<AcctSvcrRef>2382050433TC</AcctSvcrRef>
							<EndToEndId>R0713-001210251</EndToEndId>
							<TxId>111000022050433</TxId>
							<Prtry>
								<Tp>ENTRY CLASS</Tp>
								<Ref>CCD</Ref>
							</Prtry>
						</Refs>
						<AmtDtls>
							<TxAmt>
								<Amt Ccy="USD">1503791.46</Amt>
							</TxAmt>
						</AmtDtls>
						<Avlbty>
							<Dt>
								<NbOfDays>0</NbOfDays>
							</Dt>
							<Amt Ccy="USD">1503791.46</Amt>
							<CdtDbtInd>DBIT</CdtDbtInd>
						</Avlbty>
						<RltdPties>
							<Dbtr>
								<Nm>FRESENIUS KABI USA LLC</Nm>
							</Dbtr>
							<Cdtr>
								<Nm>TAX SERVICE 702</Nm>
								<Id>
									<OrgId>
										<Othr>
											<Id>1411902914</Id>
										</Othr>
									</OrgId>
								</Id>
							</Cdtr>
						</RltdPties>
						<RltdAgts>
							<CdtrAgt>
								<FinInstnId>
									<Nm>BANK OF AMERICA, N.A.</Nm>
								</FinInstnId>
							</CdtrAgt>
						</RltdAgts>
						<Purp>
							<Prtry>PMT IMPND</Prtry>
						</Purp>
						<RmtInf>
							<Ustrd>COMPANY DATA=PAYMENT I8188202709;DESC DATE=210825;ENTRY DATE=210826;IND NAME=FRESENIUS KABI USA LLC</Ustrd>
						</RmtInf>
					</TxDtls>
				</NtryDtls>
			</Ntry>
			<Ntry>
				<NtryRef>325216842160</NtryRef>
				<Amt Ccy="USD">112565.96</Amt>
				<CdtDbtInd>DBIT</CdtDbtInd>
				<Sts>BOOK</Sts>
				<BookgDt>
					<Dt>2021-08-26</Dt>
				</BookgDt>
				<ValDt>
					<Dt>2021-08-26</Dt>
				</ValDt>
				<AcctSvcrRef>2382050434TC</AcctSvcrRef>
				<Avlbty>
					<Dt>
						<NbOfDays>0</NbOfDays>
					</Dt>
					<Amt Ccy="USD">112565.96</Amt>
					<CdtDbtInd>DBIT</CdtDbtInd>
				</Avlbty>
				<BkTxCd>
					<Domn>
						<Cd>PMNT</Cd>
						<Fmly>
							<Cd>RDDT</Cd>
							<SubFmlyCd>ADBT</SubFmlyCd>
						</Fmly>
					</Domn>
					<Prtry>
						<Cd>455</Cd>
						<Issr>BAI</Issr>
					</Prtry>
				</BkTxCd>
				<AmtDtls>
					<TxAmt>
						<Amt Ccy="USD">112565.96</Amt>
					</TxAmt>
				</AmtDtls>
				<NtryDtls>
					<TxDtls>
						<Refs>
							<AcctSvcrRef>2382050434TC</AcctSvcrRef>
							<EndToEndId>R8952-001210703</EndToEndId>
							<TxId>111000022050434</TxId>
							<Prtry>
								<Tp>ENTRY CLASS</Tp>
								<Ref>CCD</Ref>
							</Prtry>
						</Refs>
						<AmtDtls>
							<TxAmt>
								<Amt Ccy="USD">112565.96</Amt>
							</TxAmt>
						</AmtDtls>
						<Avlbty>
							<Dt>
								<NbOfDays>0</NbOfDays>
							</Dt>
							<Amt Ccy="USD">112565.96</Amt>
							<CdtDbtInd>DBIT</CdtDbtInd>
						</Avlbty>
						<RltdPties>
							<Dbtr>
								<Nm>FRESENIUS KABI USA INC</Nm>
							</Dbtr>
							<Cdtr>
								<Nm>TAX SERVICE 702</Nm>
								<Id>
									<OrgId>
										<Othr>
											<Id>1411902914</Id>
										</Othr>
									</OrgId>
								</Id>
							</Cdtr>
						</RltdPties>
						<RltdAgts>
							<CdtrAgt>
								<FinInstnId>
									<Nm>BANK OF AMERICA, N.A.</Nm>
								</FinInstnId>
							</CdtrAgt>
						</RltdAgts>
						<Purp>
							<Prtry>PMT IMPND</Prtry>
						</Purp>
						<RmtInf>
							<Ustrd>COMPANY DATA=PAYMENT I8188202709;DESC DATE=210825;ENTRY DATE=210826;IND NAME=FRESENIUS KABI USA INC</Ustrd>
						</RmtInf>
					</TxDtls>
				</NtryDtls>
			</Ntry>
			<Ntry>
				<NtryRef>325216842159</NtryRef>
				<Amt Ccy="USD">4240.70</Amt>
				<CdtDbtInd>DBIT</CdtDbtInd>
				<Sts>BOOK</Sts>
				<BookgDt>
					<Dt>2021-08-26</Dt>
				</BookgDt>
				<ValDt>
					<Dt>2021-08-26</Dt>
				</ValDt>
				<AcctSvcrRef>2382050440TC</AcctSvcrRef>
				<Avlbty>
					<Dt>
						<NbOfDays>0</NbOfDays>
					</Dt>
					<Amt Ccy="USD">4240.70</Amt>
					<CdtDbtInd>DBIT</CdtDbtInd>
				</Avlbty>
				<BkTxCd>
					<Domn>
						<Cd>PMNT</Cd>
						<Fmly>
							<Cd>RDDT</Cd>
							<SubFmlyCd>ADBT</SubFmlyCd>
						</Fmly>
					</Domn>
					<Prtry>
						<Cd>455</Cd>
						<Issr>BAI</Issr>
					</Prtry>
				</BkTxCd>
				<AmtDtls>
					<TxAmt>
						<Amt Ccy="USD">4240.70</Amt>
					</TxAmt>
				</AmtDtls>
				<NtryDtls>
					<TxDtls>
						<Refs>
							<AcctSvcrRef>2382050440TC</AcctSvcrRef>
							<EndToEndId>R0713-003471901</EndToEndId>
							<TxId>043000092050440</TxId>
							<Prtry>
								<Tp>ENTRY CLASS</Tp>
								<Ref>CCD</Ref>
							</Prtry>
						</Refs>
						<AmtDtls>
							<TxAmt>
								<Amt Ccy="USD">4240.70</Amt>
							</TxAmt>
						</AmtDtls>
						<Avlbty>
							<Dt>
								<NbOfDays>0</NbOfDays>
							</Dt>
							<Amt Ccy="USD">4240.70</Amt>
							<CdtDbtInd>DBIT</CdtDbtInd>
						</Avlbty>
						<RltdPties>
							<Dbtr>
								<Nm>FRESENIUS KABI USA LLC</Nm>
							</Dbtr>
							<Cdtr>
								<Nm>CERIDIAN AKA CDC</Nm>
								<Id>
									<OrgId>
										<Othr>
											<Id>3411902914</Id>
										</Othr>
									</OrgId>
								</Id>
							</Cdtr>
						</RltdPties>
						<RltdAgts>
							<CdtrAgt>
								<FinInstnId>
									<Nm>PNC BANK</Nm>
								</FinInstnId>
							</CdtrAgt>
						</RltdAgts>
						<Purp>
							<Prtry>WAGE ATT</Prtry>
						</Purp>
						<RmtInf>
							<Ustrd>COMPANY DATA=WAGE ATT 1011562038;DESC DATE=210825;ENTRY DATE=210826;IND NAME=FRESENIUS KABI USA LLC;REMARK=WAGE ATTACHMENT PAYMENT</Ustrd>
						</RmtInf>
					</TxDtls>
				</NtryDtls>
			</Ntry>
			<Ntry>
				<NtryRef>325216842158</NtryRef>
				<Amt Ccy="USD">2149.80</Amt>
				<CdtDbtInd>DBIT</CdtDbtInd>
				<Sts>BOOK</Sts>
				<BookgDt>
					<Dt>2021-08-26</Dt>
				</BookgDt>
				<ValDt>
					<Dt>2021-08-26</Dt>
				</ValDt>
				<AcctSvcrRef>2382050436TC</AcctSvcrRef>
				<Avlbty>
					<Dt>
						<NbOfDays>0</NbOfDays>
					</Dt>
					<Amt Ccy="USD">2149.80</Amt>
					<CdtDbtInd>DBIT</CdtDbtInd>
				</Avlbty>
				<BkTxCd>
					<Domn>
						<Cd>PMNT</Cd>
						<Fmly>
							<Cd>RDDT</Cd>
							<SubFmlyCd>ADBT</SubFmlyCd>
						</Fmly>
					</Domn>
					<Prtry>
						<Cd>455</Cd>
						<Issr>BAI</Issr>
					</Prtry>
				</BkTxCd>
				<AmtDtls>
					<TxAmt>
						<Amt Ccy="USD">2149.80</Amt>
					</TxAmt>
				</AmtDtls>
				<NtryDtls>
					<TxDtls>
						<Refs>
							<AcctSvcrRef>2382050436TC</AcctSvcrRef>
							<EndToEndId>R0713-003471895</EndToEndId>
							<TxId>043000092050436</TxId>
							<Prtry>
								<Tp>ENTRY CLASS</Tp>
								<Ref>CCD</Ref>
							</Prtry>
						</Refs>
						<AmtDtls>
							<TxAmt>
								<Amt Ccy="USD">2149.80</Amt>
							</TxAmt>
						</AmtDtls>
						<Avlbty>
							<Dt>
								<NbOfDays>0</NbOfDays>
							</Dt>
							<Amt Ccy="USD">2149.80</Amt>
							<CdtDbtInd>DBIT</CdtDbtInd>
						</Avlbty>
						<RltdPties>
							<Dbtr>
								<Nm>FRESENIUS KABI USA LLC</Nm>
							</Dbtr>
							<Cdtr>
								<Nm>CERIDIAN AKA CDC</Nm>
								<Id>
									<OrgId>
										<Othr>
											<Id>3411902914</Id>
										</Othr>
									</OrgId>
								</Id>
							</Cdtr>
						</RltdPties>
						<RltdAgts>
							<CdtrAgt>
								<FinInstnId>
									<Nm>PNC BANK</Nm>
								</FinInstnId>
							</CdtrAgt>
						</RltdAgts>
						<Purp>
							<Prtry>WAGE ATT</Prtry>
						</Purp>
						<RmtInf>
							<Ustrd>COMPANY DATA=WAGE ATT 1011562038;DESC DATE=210825;ENTRY DATE=210826;IND NAME=FRESENIUS KABI USA LLC;REMARK=WAGE ATTACHMENT PAYMENT</Ustrd>
						</RmtInf>
					</TxDtls>
				</NtryDtls>
			</Ntry>
			<Ntry>
				<NtryRef>325216842157</NtryRef>
				<Amt Ccy="USD">687.84</Amt>
				<CdtDbtInd>DBIT</CdtDbtInd>
				<Sts>BOOK</Sts>
				<BookgDt>
					<Dt>2021-08-26</Dt>
				</BookgDt>
				<ValDt>
					<Dt>2021-08-26</Dt>
				</ValDt>
				<AcctSvcrRef>2382050438TC</AcctSvcrRef>
				<Avlbty>
					<Dt>
						<NbOfDays>0</NbOfDays>
					</Dt>
					<Amt Ccy="USD">687.84</Amt>
					<CdtDbtInd>DBIT</CdtDbtInd>
				</Avlbty>
				<BkTxCd>
					<Domn>
						<Cd>PMNT</Cd>
						<Fmly>
							<Cd>RDDT</Cd>
							<SubFmlyCd>ADBT</SubFmlyCd>
						</Fmly>
					</Domn>
					<Prtry>
						<Cd>455</Cd>
						<Issr>BAI</Issr>
					</Prtry>
				</BkTxCd>
				<AmtDtls>
					<TxAmt>
						<Amt Ccy="USD">687.84</Amt>
					</TxAmt>
				</AmtDtls>
				<NtryDtls>
					<TxDtls>
						<Refs>
							<AcctSvcrRef>2382050438TC</AcctSvcrRef>
							<EndToEndId>R8952-003471897</EndToEndId>
							<TxId>043000092050438</TxId>
							<Prtry>
								<Tp>ENTRY CLASS</Tp>
								<Ref>CCD</Ref>
							</Prtry>
						</Refs>
						<AmtDtls>
							<TxAmt>
								<Amt Ccy="USD">687.84</Amt>
							</TxAmt>
						</AmtDtls>
						<Avlbty>
							<Dt>
								<NbOfDays>0</NbOfDays>
							</Dt>
							<Amt Ccy="USD">687.84</Amt>
							<CdtDbtInd>DBIT</CdtDbtInd>
						</Avlbty>
						<RltdPties>
							<Dbtr>
								<Nm>FRESENIUS KABI LLC</Nm>
							</Dbtr>
							<Cdtr>
								<Nm>CERIDIAN AKA CDC</Nm>
								<Id>
									<OrgId>
										<Othr>
											<Id>3411902914</Id>
										</Othr>
									</OrgId>
								</Id>
							</Cdtr>
						</RltdPties>
						<RltdAgts>
							<CdtrAgt>
								<FinInstnId>
									<Nm>PNC BANK</Nm>
								</FinInstnId>
							</CdtrAgt>
						</RltdAgts>
						<Purp>
							<Prtry>WAGE ATT</Prtry>
						</Purp>
						<RmtInf>
							<Ustrd>COMPANY DATA=WAGE ATT 1011562038;DESC DATE=210825;ENTRY DATE=210826;IND NAME=FRESENIUS KABI LLC;REMARK=WAGE ATTACHMENT PAYMENT</Ustrd>
						</RmtInf>
					</TxDtls>
				</NtryDtls>
			</Ntry>
			<Ntry>
				<NtryRef>325216842156</NtryRef>
				<Amt Ccy="USD">280.00</Amt>
				<CdtDbtInd>DBIT</CdtDbtInd>
				<Sts>BOOK</Sts>
				<BookgDt>
					<Dt>2021-08-26</Dt>
				</BookgDt>
				<ValDt>
					<Dt>2021-08-26</Dt>
				</ValDt>
				<AcctSvcrRef>2382050443TC</AcctSvcrRef>
				<Avlbty>
					<Dt>
						<NbOfDays>0</NbOfDays>
					</Dt>
					<Amt Ccy="USD">280.00</Amt>
					<CdtDbtInd>DBIT</CdtDbtInd>
				</Avlbty>
				<BkTxCd>
					<Domn>
						<Cd>PMNT</Cd>
						<Fmly>
							<Cd>RDDT</Cd>
							<SubFmlyCd>ADBT</SubFmlyCd>
						</Fmly>
					</Domn>
					<Prtry>
						<Cd>455</Cd>
						<Issr>BAI</Issr>
					</Prtry>
				</BkTxCd>
				<AmtDtls>
					<TxAmt>
						<Amt Ccy="USD">280.00</Amt>
					</TxAmt>
				</AmtDtls>
				<NtryDtls>
					<TxDtls>
						<Refs>
							<AcctSvcrRef>2382050443TC</AcctSvcrRef>
							<EndToEndId>FKU740300431740</EndToEndId>
							<TxId>075907942050443</TxId>
							<Prtry>
								<Tp>ENTRY CLASS</Tp>
								<Ref>CCD</Ref>
							</Prtry>
						</Refs>
						<AmtDtls>
							<TxAmt>
								<Amt Ccy="USD">280.00</Amt>
							</TxAmt>
						</AmtDtls>
						<Avlbty>
							<Dt>
								<NbOfDays>0</NbOfDays>
							</Dt>
							<Amt Ccy="USD">280.00</Amt>
							<CdtDbtInd>DBIT</CdtDbtInd>
						</Avlbty>
						<RltdPties>
							<Dbtr>
								<Nm>FRESENIUS KABI USA LLC</Nm>
							</Dbtr>
							<Cdtr>
								<Nm>HSA BANK</Nm>
								<Id>
									<OrgId>
										<Othr>
											<Id>1390634250</Id>
										</Othr>
									</OrgId>
								</Id>
							</Cdtr>
						</RltdPties>
						<RltdAgts>
							<CdtrAgt>
								<FinInstnId>
									<Nm>07590794</Nm>
								</FinInstnId>
							</CdtrAgt>
						</RltdAgts>
						<Purp>
							<Prtry>EMPL FEE</Prtry>
						</Purp>
						<RmtInf>
							<Ustrd>COMPANY DATA=PRETAX BENEFIT TRANS;DESC DATE=210825;ENTRY DATE=210826;IND NAME=FRESENIUS KABI USA LLC</Ustrd>
						</RmtInf>
					</TxDtls>
				</NtryDtls>
			</Ntry>
		</Stmt>
	</BkToCstmrStmt>
</Document>
