ISA*00*          *00*          *ZZ*FRESENIUSPHARMT*01*006981815TST   *221227*2301*U*00401*100000031*0*T*\~
GS*RA*FRESENIUSPHARMT*006981815TST*20221227*2301*100000031*X*004010~
ST*820*0001~
BPR*C*4386.34*C*CHK**01*071923226*DA*921259958*******20221227~
TRN*1*2000380171~
CUR*PE*USD~
REF*CK*600114*B1~
REF*RU*00HQ1~
N1*PR*FRESENIUS KABI, LLC~
N3*THREE CORPORATE DRIVE~
N4*LAKE ZURICH*IL*60047*US~
N1*PE*FAGRON COMPOUNDING SVCS*91*901139~
N3*8710 E 34TH ST N~
N4*WICHITA*KS*67226*US~
ENT*1~
RMR*IV*CREDIT MEMO2**25000.00*25000.00*0.00~
DTM*004*20221205~
DTM*003*20221205~
RMR*CL*501608**-1364.96**0.00~
DTM*004*20220425~
DTM*003*20220425~
RMR*CL*501609**-880.20**0.00~
DTM*004*20220518~
DTM*003*20220518~
RMR*CL*PO011005-1**-1080.50**0.00~
DTM*004*20220523~
DTM*003*20220523~
RMR*CL*PO011039-1**-17288.00**0.00~
DTM*004*20220531~
DTM*003*20220531~
SE*29*0001~
ST*820*0002~
BPR*C*840963.82*C*CHK**01*071923226*DA*921259958*******20221227~
TRN*1*2000380172~
CUR*PE*USD~
REF*CK*600115*B1~
REF*RU*00000~
N1*PR*FRESENIUS KABI, LLC~
N3*THREE CORPORATE DRIVE~
N4*LAKE ZURICH*IL*60047*US~
N1*PE*DBA FEBWAL INC TEST FOR RCP*91*99064907~
N3*SN THREE CORPORATE DRIVE 3RD FLOOR~
N4*LAKE ZURICH*IL*600478930*US~
ENT*1~
RMR*IV*5299-AD CLEANUP**69762.56*69762.56*0.00~
DTM*004*20211230~
DTM*003*20211230~
RMR*IV*5244-IC LLC**652000.00*652000.00*0.00~
DTM*004*20211231~
DTM*003*20211231~
RMR*IV*5299B-AD CLEANUP**1770.21*1770.21*0.00~
DTM*004*20211230~
DTM*003*20211230~
RMR*IV*5201 FW TO FKLLC**6282.25*6282.25*0.00~
DTM*004*20220128~
DTM*003*20220128~
RMR*IV*5202 FW TO FKLLC**1207.75*1207.75*0.00~
DTM*004*20220128~
DTM*003*20220128~
RMR*IV*5299B-AD CLEANUP**1720.60*1720.60*0.00~
DTM*004*20220131~
DTM*003*20220131~
RMR*IV*5281B-CC TO 2101**11262.09*11262.09*0.00~
DTM*004*20220202~
DTM*003*20220131~
RMR*IV*5200 FW TO FKLLC**1268.15*1268.15*0.00~
DTM*004*20220225~
DTM*003*20220225~
RMR*IV*5201 FW TO FKLLC**6126.83*6126.83*0.00~
DTM*004*20220225~
DTM*003*20220225~
RMR*IV*5299-AD CLEANUP**1389.61*1389.61*0.00~
DTM*004*20220228~
DTM*003*20220228~
RMR*IV*5299D-AD CLEANUP**4101.91*4101.91*0.00~
DTM*004*20220228~
DTM*003*20220228~
RMR*IV*5210 FW TO FKLLC**1841.95*1841.95*0.00~
DTM*004*20220426~
DTM*003*20220427~
RMR*IV*5211 FW TO FKLLC**12905.15*12905.15*0.00~
DTM*004*20220426~
DTM*003*20220427~
RMR*IV*5212 FW TO FKLLC**1328.55*1328.55*0.00~
DTM*004*20220428~
DTM*003*20220428~
RMR*IV*5213 FW TO FKLLC**8670.65*8670.65*0.00~
DTM*004*20220428~
DTM*003*20220428~
RMR*IV*5299B-AD CLEANUP**236.66*236.66*0.00~
DTM*004*20220430~
DTM*003*20220430~
RMR*IV*5299B-AD CLEANUP**1588.90*1588.90*0.00~
DTM*004*20220531~
DTM*003*20220531~
RMR*CL*CREDIT MEMO**-12500.00**0.00~
DTM*004*20221205~
DTM*003*20221205~
RMR*IV*CASH DIS REF**49000.00*50000.00*1000.00~
DTM*004*20221205~
DTM*003*20221205~
RMR*IV*VALUES IN LINE**3500.00*3500.00*0.00~
DTM*004*20221206~
DTM*003*20221206~
RMR*IV*CASH DIS TEST**15000.00*15000.00*0.00~
DTM*004*20221206~
DTM*003*20221206~
RMR*IV*1234566789**2500.00*2500.00*0.00~
DTM*004*20221206~
DTM*003*20221206~
SE*80*0002~
ST*820*0003~
BPR*C*75000.00*C*CHK**01*071923226*DA*921259958*******20221227~
TRN*1*2000380173~
CUR*PE*USD~
REF*CK*600116*B1~
REF*RU*00HQ1~
N1*PR*FRESENIUS KABI, LLC~
N3*THREE CORPORATE DRIVE~
N4*LAKE ZURICH*IL*60047*US~
N1*PE*DBA FEBWAL INC TEST FOR RCP*91*99064907~
N3*SN THREE CORPORATE DRIVE 3RD FLOOR~
N4*LAKE ZURICH*IL*600478930*US~
ENT*1~
RMR*IV*HQ1 TEST**75000.00*75000.00*0.00~
DTM*004*20221227~
DTM*003*20221227~
SE*17*0003~
ST*820*0004~
BPR*C*62443.39*C*CHK**01*071923226*DA*921259958*******20221227~
TRN*1*2000380174~
CUR*PE*USD~
REF*CK*600117*A1~
REF*RU*00000~
N1*PR*FRESENIUS KABI USA, LLC~
N3*THREE CORPORATE DRIVE~
N4*LAKE ZURICH*IL*60047*US~
N1*PE*DBA CDW DIRECT LLC FOR RCP TEST*91*99069257~
N3*200 N MILWAUKEE AVE~
N4*VERNON HILLS*IL*60061*US~
ENT*1~
RMR*CL*CREDIT MEMO - TE**-2500.00**0.00~
DTM*004*20221206~
DTM*003*20221206~
RMR*IV*CASH DIS TEST**14700.00*15000.00*300.00~
DTM*004*20221206~
DTM*003*20221206~
RMR*IV*VALUES IN LINE**3500.00*3500.00*0.00~
NTE*OTH*ACCOUNT NO 1234567890-01234 TEST FOR RCP123456789~
DTM*004*20221206~
DTM*003*20221206~
RMR*IV*T196563**12122.88*12122.88*0.00~
DTM*004*20220308~
DTM*003*20220317~
RMR*IV*W355627**2403.42*2403.42*0.00~
DTM*004*20220425~
DTM*003*20220427~
RMR*IV*W570413**1261.68*1261.68*0.00~
DTM*004*20220428~
DTM*003*20220429~
RMR*IV*W675556**14537.91*14537.91*0.00~
DTM*004*20220430~
DTM*003*20220504~
RMR*IV*W791023**2233.96*2233.96*0.00~
DTM*004*20220503~
DTM*003*20220509~
RMR*IV*X015987**398.22*398.22*0.00~
DTM*004*20220509~
DTM*003*20220515~
RMR*IV*W768565**199.20*199.20*0.00~
DTM*004*20220503~
DTM*003*20220526~
RMR*IV*X733923**52.20*52.20*0.00~
DTM*004*20220525~
DTM*003*20220526~
RMR*IV*X771194**116.12*116.12*0.00~
DTM*004*20220525~
DTM*003*20220527~
RMR*IV*X889645**13417.80*13417.80*0.00~
DTM*004*20220527~
DTM*003*20220602~
SE*54*0004~
ST*820*0005~
BPR*C*5000.00*C*CHK**01*071923226*DA*921259958*******20221227~
TRN*1*2000380175~
CUR*PE*USD~
REF*CK*600118*A1~
REF*RU*00HQ1~
N1*PR*FRESENIUS KABI USA, LLC~
N3*THREE CORPORATE DRIVE~
N4*LAKE ZURICH*IL*60047*US~
N1*PE*DBA CDW DIRECT LLC FOR RCP TEST*91*99069257~
N3*200 N MILWAUKEE AVE~
N4*VERNON HILLS*IL*60061*US~
ENT*1~
RMR*IV*HQ1 TEST**5000.00*5000.00*0.00~
DTM*004*20221227~
DTM*003*20221227~
SE*17*0005~
GE*5*100000031~
IEA*1*100000031~