ISA*00*          *00*          *ZZ*FRESENIUSPHARMT*01*006981815TST   *230519*1818*U*00401*100000268*0*T*\~
GS*RA*FRESENIUSPHARMT*006981815TST*20230519*1818*100000268*X*004010~
ST*820*0001~
BPR*C*155745.00*C*CHK**01*CHASCATTXXX*DA*4000011205*******20230519~
TRN*1*2000040744~
CUR*PE*CAD~
REF*CK*400001*C1~
REF*RU*00000~
N1*PR*FRESENIUS KABI CANADA LTD.~
N3*165 GALAXY BLVD~
N4*TORONTO*ON*M9W 0C8*CA~
N1*PE*WALGREENS #0118*91*955449~
N3*PO Box:123456~
N4*WINSTON SALEM*NC*27103*US~
ENT*1~
RMR*CL*CREDIT MEMO -TES**-50.00**0.00~
DTM*004*20230516~
DTM*003*20230516~
RMR*IV*8B79973AC9094B94**105.00*105.00*0.00~
NTE*OTH*I55TESTINGCALEA~
DTM*004*20230418~
DTM*003*20230418~
RMR*IV*66C8A7987A9E4AD7**110.00*110.00*0.00~
NTE*OTH*SSDFASDF~
DTM*004*20230418~
DTM*003*20230418~
RMR*IV*96CC0C8EFCF34958**100.00*100.00*0.00~
NTE*OTH*HCP SNACKS CAGST RECEIPT~
DTM*004*20230418~
DTM*003*20230418~
RMR*IV*FF1412582555435A**100.00*100.00*0.00~
NTE*OTH*TRAIN HSTNB RECEIPT~
DTM*004*20230418~
DTM*003*20230418~
RMR*IV*1B51935DE37D44DB**100.00*100.00*0.00~
NTE*OTH*TAXI HSTNS RECEIPT~
DTM*004*20230418~
DTM*003*20230418~
RMR*IV*E72EC9A60DCC4769**100.00*100.00*0.00~
NTE*OTH*HCP AUTO TOLLS,GAS,PARKING HSTNL~
DTM*004*20230418~
DTM*003*20230418~
RMR*IV*24BBC0D24BBD4841**165.00*165.00*0.00~
NTE*OTH*PERSONAL CAR MILEAGE CAGST RECEI~
DTM*004*20230419~
DTM*003*20230419~
RMR*IV*6FA7DAB6EFC04D18**100.00*100.00*0.00~
NTE*OTH*PRINTING/PHOTO/STATIONERY HSTON~
DTM*004*20230419~
DTM*003*20230419~
RMR*IV*E76811BDBF27408D**100.00*100.00*0.00~
NTE*OTH*TOLLS/ROAD CHARGES QST RECEIPT~
DTM*004*20230419~
DTM*003*20230419~
RMR*IV*664786A6150B42E3**1312.00*1312.00*0.00~
NTE*OTH*SFASDF~
DTM*004*20230419~
DTM*003*20230419~
RMR*IV*25487817F5914E60**100.00*100.00*0.00~
NTE*OTH*PRINTING/PHOTOCOPYING/STATIONERY~
DTM*004*20230419~
DTM*003*20230419~
RMR*IV*7FC3F518D20C43A4**100.00*100.00*0.00~
NTE*OTH*HCP ENTERTAINMENT OTHER HSTON~
DTM*004*20230419~
DTM*003*20230419~
RMR*IV*7AD0C948D1C347E5**100.00*100.00*0.00~
NTE*OTH*HCP DINNER HSTON~
DTM*004*20230419~
DTM*003*20230419~
RMR*IV*67A06E46C128428F**100.00*100.00*0.00~
NTE*OTH*ENTERTAINMENT - EVENTS/SHOWS CAG~
DTM*004*20230419~
DTM*003*20230419~
RMR*IV*D95C1E1724D54F2B**100.00*100.00*0.00~
NTE*OTH*DINNER CAGST~
DTM*004*20230419~
DTM*003*20230419~
RMR*IV*61538208B075435E**100.00*100.00*0.00~
NTE*OTH*BREAKFAST CAGST~
DTM*004*20230419~
DTM*003*20230419~
RMR*IV*471D44946237467F**100.00*100.00*0.00~
NTE*OTH*FUEL QST~
DTM*004*20230419~
DTM*003*20230419~
RMR*IV*32B062EFE04E4134**100.00*100.00*0.00~
NTE*OTH*INTERNET/ONLINE FEES CAGST~
DTM*004*20230419~
DTM*003*20230419~
RMR*IV*84397F4CA7B14B73**123.00*123.00*0.00~
NTE*OTH*SDFASF~
DTM*004*20230419~
DTM*003*20230419~
RMR*IV*A01976628A3844BB**100.00*100.00*0.00~
NTE*OTH*FUEL HSTON  RECEIPT~
DTM*004*20230419~
DTM*003*20230419~
RMR*IV*6F017FF89E9E4D09**2.00*2.00*0.00~
NTE*OTH*SDFASFD~
DTM*004*20230428~
DTM*003*20230428~
RMR*IV*1BAFB186D54E41EF**4.00*4.00*0.00~
NTE*OTH*ASDF~
DTM*004*20230428~
DTM*003*20230428~
RMR*IV*98975C4EF88843F2**10.00*10.00*0.00~
NTE*OTH*FASDFSADF~
DTM*004*20230512~
DTM*003*20230512~
RMR*IV*1234567**1164.00*1200.00*36.00~
NTE*OTH*PAID AGAINST UTILITIES - ADJ ACCORDINGLY~
DTM*004*20230516~
DTM*003*20230516~
RMR*IV*1234568**1300.00*1300.00*0.00~
DTM*004*20230516~
DTM*003*20230516~
RMR*IV*1234569**150000.00*150000.00*0.00~
DTM*004*20230516~
DTM*003*20230516~
SE*119*0001~
ST*820*0002~
BPR*C*3500.00*C*CHK**01*CHASCATTXXX*DA*4000011205*******20230519~
TRN*1*2000040745~
CUR*PE*CAD~
REF*CK*400002*C1~
REF*RU*00PY1~
N1*PR*FRESENIUS KABI CANADA LTD.~
N3*165 GALAXY BLVD~
N4*TORONTO*ON*M9W 0C8*CA~
N1*PE*WALGREENS #0118*91*955449~
N3*PO Box:123456~
N4*WINSTON SALEM*NC*27103*US~
ENT*1~
RMR*IV*1727D826B073436A**3500.00*3500.00*0.00~
NTE*OTH*HCP TRANSPORTATION AIRFARE HSTON~
DTM*004*20230418~
DTM*003*20230418~
SE*18*0002~
ST*820*0003~
BPR*C*100000.00*C*CHK**01*CHASCATTXXX*DA*4000011205*******20230519~
TRN*1*2000040746~
CUR*PE*CAD~
REF*CK*400003*C1~
REF*RU*00000~
N1*PR*FRESENIUS KABI CANADA LTD.~
N3*165 GALAXY BLVD~
N4*TORONTO*ON*M9W 0C8*CA~
N1*PE*RECEIVER GENERAL FOR CANADA*91*99106256~
N3*161 GOLDENROD DRIVEWAY,RM 1804B~
N4*OTTAWA*ON*K1A 0K9*CA~
ENT*1~
RMR*CL*1500003602**-100000.00**0.00~
DTM*004*20221116~
DTM*003*20221116~
RMR*IV*0090761397**4320.00*4320.00*0.00~
DTM*004*20220504~
DTM*003*20220511~
RMR*IV*0090759873**239885.00*239885.00*0.00~
DTM*004*20220421~
DTM*003*20220511~
RMR*IV*1600737475**13.30*13.30*0.00~
DTM*004*20210930~
DTM*003*20220524~
RMR*IV*1600744657**103.96*103.96*0.00~
DTM*004*20211231~
DTM*003*20220524~
RMR*IV*1600739875**29.36*29.36*0.00~
DTM*004*20211031~
DTM*003*20220524~
RMR*IV*0090762825**4997.00*4997.00*0.00~
DTM*004*20220518~
DTM*003*20220524~
RMR*IV*0090762646**4997.00*4997.00*0.00~
DTM*004*20220517~
DTM*003*20220524~
RMR*IV*0090762049**4997.00*4997.00*0.00~
DTM*004*20220511~
DTM*003*20220524~
RMR*IV*0090762604**30609.00*30609.00*0.00~
DTM*004*20220517~
DTM*003*20220531~
RMR*IV*1600742376**48.52*48.52*0.00~
DTM*004*20211130~
DTM*003*20220531~
RMR*IV*1600752215**19.85*19.85*0.00~
DTM*004*20220331~
DTM*003*20220531~
RMR*IV*1600746841**598.66*598.66*0.00~
DTM*004*20220131~
DTM*003*20220607~
RMR*IV*PARTIAL PMNT- TE**120000.00*120000.00*0.00~
DTM*004*20221116~
DTM*003*20221116~
RMR*CL*2000040699**-190618.65**0.00~
DTM*004*20221116~
DTM*003*20221116~
RMR*CL*2000040700**-20000.00**0.00~
DTM*004*20221116~
DTM*003*20221116~
SE*62*0003~
ST*820*0004~
BPR*C*127.13*C*CHK**01*CHASCATTXXX*DA*4000011205*******20230519~
TRN*1*2000040747~
CUR*PE*CAD~
REF*CK*400004*C1~
REF*RU*00000~
N1*PR*FRESENIUS KABI CANADA LTD.~
N3*165 GALAXY BLVD~
N4*TORONTO*ON*M9W 0C8*CA~
N1*PE*PYLON ELECTRONICS LTD.*91*99181036~
N3*6355 DANVILLE RD., UNIT 10~
N4*MISSISSAUGA*ON*L5T 2L4*CA~
ENT*1~
RMR*IV*10186146**127.13*127.13*0.00~
DTM*004*20220507~
DTM*003*20220516~
SE*17*0004~
ST*820*0005~
BPR*C*4000.00*C*CHK**01*CHASCATTXXX*DA*4000011205*******20230519~
TRN*1*2000040748~
CUR*PE*CAD~
REF*CK*400005*C1~
REF*RU*00000~
N1*PR*FRESENIUS KABI CANADA LTD.~
N3*165 GALAXY BLVD~
N4*TORONTO*ON*M9W 0C8*CA~
N1*PE*M LARCHE MEDICINE PROFESSIONAL CORP*91*99211337~
N3*152 WEIRS LANE~
N4*DUNDAS*ON*L9H 5E3*CA~
ENT*1~
RMR*IV*05062022A**2000.00*2000.00*0.00~
NTE*OTH*DR. MAGGIE LARCHE HONORARIUM SESSION 2/3~
DTM*004*20220506~
DTM*003*20220607~
RMR*IV*05062022B**2000.00*2000.00*0.00~
NTE*OTH*DR. MAGGIE LARCHE HONORARIUM SESSION 1/3~
DTM*004*20220506~
DTM*003*20220607~
SE*22*0005~
ST*820*0006~
BPR*C*4489.42*C*CHK**01*CHASCATTXXX*DA*4000011210*******20230519~
TRN*1*2000055218~
CUR*PE*CAD~
REF*CK*200001*C2~
REF*RU*00000~
N1*PR*CALEA LTD.~
N3*2785 SKYMARK AVENUE~
N4*MISSISSAUGA*ON*L4W 4Y3*CA~
N1*PE*ALTA VISTA ANIMAL HOSPITAL*91*955421~
N3*2785 SKYMARK AVENUE*Street2 -Test~
N4*MISSISSAUGA*ON*L4W 4Y3*CA~
ENT*1~
RMR*CL*DEBITMEMO**-110.00**0.00~
DTM*004*20230516~
DTM*003*20230516~
RMR*IV*886D096A6A814BA8**165.00*165.00*0.00~
NTE*OTH*REIM. PER. CAR MILEAGE HSTNB- RE~
DTM*004*20230418~
DTM*003*20230418~
RMR*IV*33896CA040D74B96**100.00*100.00*0.00~
NTE*OTH*REIMBURSE BUS HSTON RECEIPT~
DTM*004*20230418~
DTM*003*20230418~
RMR*IV*9DE43268FEE74B57**100.00*100.00*0.00~
NTE*OTH*TOLL ROAD CHARGES HSTNB RECEIPT~
DTM*004*20230418~
DTM*003*20230418~
RMR*IV*92FB85D5B2F54DC8**100.00*100.00*0.00~
NTE*OTH*TRAIN HSTNL RECEIPT~
DTM*004*20230418~
DTM*003*20230418~
RMR*IV*3D4BF6FF224F4230**100.00*100.00*0.00~
NTE*OTH*TAXI HSTPE RECEIPT~
DTM*004*20230418~
DTM*003*20230418~
RMR*IV*F19A9D54F86A4E9D**100.00*100.00*0.00~
NTE*OTH*HCP AUTO TOLLS,GAS,PARKING HSTNS~
DTM*004*20230418~
DTM*003*20230418~
RMR*IV*DAFFC5A402C64CFE**134.42*134.42*0.00~
NTE*OTH*LAUNDRY RECEIPT~
DTM*004*20230418~
DTM*003*20230418~
RMR*IV*5FAE9EC4E1EE4FF6**100.00*100.00*0.00~
NTE*OTH*REIM INTERNET ONLINE FEES HSTNS~
DTM*004*20230418~
DTM*003*20230418~
RMR*IV*CECDD94676144944**100.00*100.00*0.00~
NTE*OTH*REIMBURSE FUEL HSTPE RECEIPT~
DTM*004*20230418~
DTM*003*20230418~
RMR*IV*83AA2DF8443E4E1E**100.00*100.00*0.00~
NTE*OTH*REIMBURSE HCP SNACKS-HSTON RECEI~
DTM*004*20230418~
DTM*003*20230418~
RMR*IV*D45F8A6913A846B2**100.00*100.00*0.00~
NTE*OTH*REIMBURSE GIFT/STAFF- CAGST~
DTM*004*20230418~
DTM*003*20230418~
RMR*IV*95784535BE2E4658**100.00*100.00*0.00~
NTE*OTH*REIMBURSE CAR RENTAL QST~
DTM*004*20230419~
DTM*003*20230419~
RMR*IV*07DF3BB00E474DA5**2500.00*2500.00*0.00~
NTE*OTH*HCP TRANSPORT AIRFARE QST~
DTM*004*20230419~
DTM*003*20230419~
RMR*IV*7AAFF1C694014802**100.00*100.00*0.00~
NTE*OTH*REIM. PRINTING PHOTO. STAT HSTNL~
DTM*004*20230419~
DTM*003*20230419~
RMR*IV*0F73A028CF3A412D**100.00*100.00*0.00~
NTE*OTH*HCP SNACKS QST~
DTM*004*20230419~
DTM*003*20230419~
RMR*IV*7BBD51EBCDB84C2D**100.00*100.00*0.00~
NTE*OTH*HCP MEAL - OUT OF OFFICE BREAKFA~
DTM*004*20230419~
DTM*003*20230419~
RMR*IV*DE4C32EFB4494791**100.00*100.00*0.00~
NTE*OTH*LUNCH HSTON~
DTM*004*20230419~
DTM*003*20230419~
RMR*IV*D740EB67B47B421A**100.00*100.00*0.00~
NTE*OTH*GIFTS - STAFF HSTON~
DTM*004*20230419~
DTM*003*20230419~
RMR*IV*402033FC21894671**100.00*100.00*0.00~
NTE*OTH*ENTERTAINMENT - CLIENTS HSTON~
DTM*004*20230419~
DTM*003*20230419~
RMR*IV*91A0B8DD25614FBA**100.00*100.00*0.00~
NTE*OTH*FUEL HSTNB~
DTM*004*20230419~
DTM*003*20230419~
RMR*IV*B943979DAC5A4384**100.00*100.00*0.00~
NTE*OTH*INTERNET/ONLINE FEES~
DTM*004*20230419~
DTM*003*20230419~
SE*101*0006~
ST*820*0007~
BPR*C*145500.00*C*CHK**01*CHASCATTXXX*DA*4000011210*******20230519~
TRN*1*2000055219~
CUR*PE*CAD~
REF*CK*200002*C2~
REF*RU*00PY1~
N1*PR*CALEA LTD.~
N3*2785 SKYMARK AVENUE~
N4*MISSISSAUGA*ON*L4W 4Y3*CA~
N1*PE*ALTA VISTA ANIMAL HOSPITAL*91*955421~
N3*2785 SKYMARK AVENUE*Street2 -Test~
N4*MISSISSAUGA*ON*L4W 4Y3*CA~
ENT*1~
RMR*IV*1234567**145500.00*150000.00*4500.00~
DTM*004*20230516~
DTM*003*20230516~
SE*17*0007~
ST*820*0008~
BPR*C*1200.00*C*CHK**01*CHASCATTXXX*DA*4000011210*******20230519~
TRN*1*2000055220~
CUR*PE*CAD~
REF*CK*200003*C2~
REF*RU*00000~
N1*PR*CALEA LTD.~
N3*2785 SKYMARK AVENUE~
N4*MISSISSAUGA*ON*L4W 4Y3*CA~
N1*PE*BOGGIO IDA*91*99094854~
N3*200 CATHERINE STREET~
N4*PORT COLBOURNE*ON*L3K 3G7*CA~
ENT*1~
RMR*IV*APR/MAY/JUNE2022**1200.00*1200.00*0.00~
DTM*004*20220603~
DTM*003*20220603~
SE*17*0008~
ST*820*0009~
BPR*C*4935.81*C*CHK**01*CHASCATTXXX*DA*4000011210*******20230519~
TRN*1*2000055221~
CUR*PE*CAD~
REF*CK*200004*C2~
REF*RU*00000~
N1*PR*CALEA LTD.~
N3*2785 SKYMARK AVENUE~
N4*MISSISSAUGA*ON*L4W 4Y3*CA~
N1*PE*HYDRO QUEBEC*91*99095284~
N3*C.P. 11022, SUCC. CENTRE-VILLE~
N4*MONTREAL*QC*H3C 4V6*CA~
ENT*1~
RMR*IV*631627MAY22**4935.81*4935.81*0.00~
DTM*004*20220513~
DTM*003*20220607~
SE*17*0009~
ST*820*0010~
BPR*C*1200.00*C*CHK**01*CHASCATTXXX*DA*4000011210*******20230519~
TRN*1*2000055222~
CUR*PE*CAD~
REF*CK*200005*C2~
REF*RU*00000~
N1*PR*CALEA LTD.~
N3*2785 SKYMARK AVENUE~
N4*MISSISSAUGA*ON*L4W 4Y3*CA~
N1*PE*REXALL HOME HEALTHCARE*91*99095395~
N3*325 THOROLD ROAD WEST~
N4*WELLAND*ON*L3C 3W4*CA~
ENT*1~
RMR*IV*APR/MAY/JUNE2022**1200.00*1200.00*0.00~
DTM*004*20220603~
DTM*003*20220603~
SE*17*0010~
ST*820*0011~
BPR*C*300.00*C*CHK**01*CHASCATTXXX*DA*4000011210*******20230519~
TRN*1~
CUR*PE*CAD~
REF*CK*200006*C2~
REF*RU*00000~
N1*PR*CALEA LTD.~
N3*2785 SKYMARK AVENUE~
N4*MISSISSAUGA*ON*L4W 4Y3*CA~
N1*PE*MOUNT ROYAL IDA*91*99095512~
N3*2047 MOUNT FOREST DRIVE~
N4*BURLINGTON*ON*L7P 1H4*CA~
ENT*1~
RMR*IV*APR/MAY/JUNE202**300.00*300.00*0.00~
DTM*004*20220603~
DTM*003*20220603~
SE*17*0011~
ST*820*0012~
BPR*C*439.89*C*CHK**01*CHASCATTXXX*DA*4000011210*******20230519~
TRN*1~
CUR*PE*CAD~
REF*CK*200007*C2~
REF*RU*00000~
N1*PR*CALEA LTD.~
N3*2785 SKYMARK AVENUE~
N4*MISSISSAUGA*ON*L4W 4Y3*CA~
N1*PE*GROUPE PREVENTEX SECURITE INC.*91*99095648~
N3*710 RUE MARSOLAIS~
N4*L'ASSOMPTION*QC*J5W 2G9*CA~
ENT*1~
RMR*IV*2372**439.89*439.89*0.00~
DTM*004*20220506~
DTM*003*20220607~
SE*17*0012~
ST*820*0013~
BPR*C*300.00*C*CHK**01*CHASCATTXXX*DA*4000011210*******20230519~
TRN*1*2000055225~
CUR*PE*CAD~
REF*CK*200008*C2~
REF*RU*00000~
N1*PR*CALEA LTD.~
N3*2785 SKYMARK AVENUE~
N4*MISSISSAUGA*ON*L4W 4Y3*CA~
N1*PE*SIMPSONS PHARMACY*91*99095763~
N3*1882 NGRA S RD BX 329,VIRGIL,N LAKE~
N4*VIRGIL*ON*L0S 1T0*CA~
ENT*1~
RMR*IV*APR/MAY/JUNE2022**300.00*300.00*0.00~
DTM*004*20220603~
DTM*003*20220603~
SE*17*0013~
ST*820*0014~
BPR*C*75.94*C*CHK**01*CHASCATTXXX*DA*4000011210*******20230519~
TRN*1*2000055226~
CUR*PE*CAD~
REF*CK*200009*C2~
REF*RU*00000~
N1*PR*CALEA LTD.~
N3*2785 SKYMARK AVENUE~
N4*MISSISSAUGA*ON*L4W 4Y3*CA~
N1*PE*YELLOW PAGES GROUP*91*99095961~
N3*P.O. BOX 11788 SUCC. CENTRE VILLE~
N4*MONTREAL*QC*H3C 0C2*CA~
ENT*1~
RMR*IV*INV02812052**75.94*75.94*0.00~
DTM*004*20220527~
DTM*003*20220607~
SE*17*0014~
ST*820*0015~
BPR*C*300.00*C*CHK**01*CHASCATTXXX*DA*4000011210*******20230519~
TRN*1*2000055227~
CUR*PE*CAD~
REF*CK*200010*C2~
REF*RU*00000~
N1*PR*CALEA LTD.~
N3*2785 SKYMARK AVENUE~
N4*MISSISSAUGA*ON*L4W 4Y3*CA~
N1*PE*ONTARIO ST PHARMACY*91*99107661~
N3*318 ONTARIO STREET, UNIT E~
N4*ST.CATHERINES*ON*L2R 5L8*CA~
ENT*1~
RMR*IV*APR/MAY/JUNE2022**300.00*300.00*0.00~
DTM*004*20220603~
DTM*003*20220603~
SE*17*0015~
ST*820*0016~
BPR*C*300.00*C*CHK**01*CHASCATTXXX*DA*4000011210*******20230519~
TRN*1*2000055228~
CUR*PE*CAD~
REF*CK*200011*C2~
REF*RU*00000~
N1*PR*CALEA LTD.~
N3*2785 SKYMARK AVENUE~
N4*MISSISSAUGA*ON*L4W 4Y3*CA~
N1*PE*REXALL PHARMACY*91*99164800~
N3*351 ARGYLE STREET S.~
N4*CALEDONIA*ON*N3W 1K7*CA~
ENT*1~
RMR*IV*APR/MAY/JUNE2022**300.00*300.00*0.00~
DTM*004*20220603~
DTM*003*20220603~
SE*17*0016~
ST*820*0017~
BPR*C*300.00*C*CHK**01*CHASCATTXXX*DA*4000011210*******20230519~
TRN*1*2000055229~
CUR*PE*CAD~
REF*CK*200012*C2~
REF*RU*00000~
N1*PR*CALEA LTD.~
N3*2785 SKYMARK AVENUE~
N4*MISSISSAUGA*ON*L4W 4Y3*CA~
N1*PE*REXALL PHARMACY*91*99164805~
N3*155 LOCK ST., EAST~
N4*DUNNVILLE*ON*N1A 1J6*CA~
ENT*1~
RMR*IV*APR/MAY/JUNE2022**300.00*300.00*0.00~
DTM*004*20220603~
DTM*003*20220603~
SE*17*0017~
ST*820*0018~
BPR*C*300.00*C*CHK**01*CHASCATTXXX*DA*4000011210*******20230519~
TRN*1*2000055230~
CUR*PE*CAD~
REF*CK*200013*C2~
REF*RU*00000~
N1*PR*CALEA LTD.~
N3*2785 SKYMARK AVENUE~
N4*MISSISSAUGA*ON*L4W 4Y3*CA~
N1*PE*REXALL PHARMACY*91*99164806~
N3*260 ST PAUL AVENUE~
N4*BRANTFORD*ON*N3R 4M7*CA~
ENT*1~
RMR*IV*APR/MAY/JUNE202**300.00*300.00*0.00~
DTM*004*20220603~
DTM*003*20220603~
SE*17*0018~
ST*820*0019~
BPR*C*300.00*C*CHK**01*CHASCATTXXX*DA*4000011210*******20230519~
TRN*1*2000055231~
CUR*PE*CAD~
REF*CK*200014*C2~
REF*RU*00000~
N1*PR*CALEA LTD.~
N3*2785 SKYMARK AVENUE~
N4*MISSISSAUGA*ON*L4W 4Y3*CA~
N1*PE*ROULSTON'S PHARMACY*91*99164807~
N3*17 NORFOLK ST. S~
N4*SIMCOE*ON*N3Y 2V8*CA~
ENT*1~
RMR*IV*APR/MAY/JUNE2022**300.00*300.00*0.00~
DTM*004*20220603~
DTM*003*20220603~
SE*17*0019~
ST*820*0020~
BPR*C*1472.82*C*CHK**01*CHASCATTXXX*DA*4000011210*******20230519~
TRN*1*2000055232~
CUR*PE*CAD~
REF*CK*200015*C2~
REF*RU*00000~
N1*PR*CALEA LTD.~
N3*2785 SKYMARK AVENUE~
N4*MISSISSAUGA*ON*L4W 4Y3*CA~
N1*PE*URGO MEDICAL NORTH AMERICA, LLC*91*99175201~
N3*PO BOX 4283, POSTAL STATION "A"~
N4*TORONTO*ON*M5W 5W6*CA~
ENT*1~
RMR*IV*DMI 4249045**1472.82*1472.82*0.00~
DTM*004*20220526~
DTM*003*20220530~
SE*17*0020~
ST*820*0021~
BPR*C*300.00*C*CHK**01*CHASCATTXXX*DA*4000011210*******20230519~
TRN*1~
CUR*PE*CAD~
REF*CK*200016*C2~
REF*RU*00000~
N1*PR*CALEA LTD.~
N3*2785 SKYMARK AVENUE~
N4*MISSISSAUGA*ON*L4W 4Y3*CA~
N1*PE*REMEDY'S RX PROGRESSIVE PHARMACY*91*99182698~
N3*3-678 GUELPH LINE~
N4*BURLINGTON*ON*L7R 3M8*CA~
ENT*1~
RMR*IV*APR/MAY/JUNE2022**300.00*300.00*0.00~
DTM*004*20220603~
DTM*003*20220603~
SE*17*0021~
ST*820*0022~
BPR*C*300.00*C*CHK**01*CHASCATTXXX*DA*4000011210*******20230519~
TRN*1~
CUR*PE*CAD~
REF*CK*200017*C2~
REF*RU*00000~
N1*PR*CALEA LTD.~
N3*2785 SKYMARK AVENUE~
N4*MISSISSAUGA*ON*L4W 4Y3*CA~
N1*PE*OHSWEKEN PHARMASAVE*91*99189203~
N3*1769 CHIEFTSWOOD RD~
N4*OHSWEKEN*ON*N0A 1M0*CA~
ENT*1~
RMR*IV*APR/MAY/JUNE2022**300.00*300.00*0.00~
DTM*004*20220603~
DTM*003*20220603~
SE*17*0022~
GE*22*100000268~
IEA*1*100000268~