ISA*00*          *00*          *ZZ*FRESENIUSPHARMT*01*006981815TST   *230511*1435*U*00401*300000000*0*T*\~
GS*RA*FRESENIUSPHARMT*006981815TST*20230511*1435*300000000*X*004010~
ST*820*0001~
BPR*C*124840.39*C*CHK**01*CHASCATTXXX*DA*4000011205*******20230510~
TRN*1*2000040713~
CUR*PE*CAD~
REF*CK*400000*C1~
REF*RU*00PY1~
N1*PR*FRESENIUS KABI CANADA LTD.~
N3*165 GALAXY BLVD~
N4*TORONTO*ON*M9W 0C8*CA~
N1*PE*SYNERGY WASTE SYSTEMS INC.*91*99173636~
N3*3000 LANGSTAFF RD~
N4*VAUGHAN*ON*L4K 4R7*CA~
ENT*1~
RMR*CL*DEBITMEMO**-3500.00**0.00~
DTM*004*20230510~
DTM*003*20230510~
RMR*IV*RCP TEST 1**97000.00*100000.00*3000.00~
NTE*OTH*TO TEST THE TEXT GET PRINTED ON CHECK STUB~
DTM*004*20230510~
DTM*003*20230510~
RMR*IV*SI-15041**5196.98*5196.98*0.00~
DTM*004*20220502~
DTM*003*20220503~
RMR*IV*SI-15329**4706.00*4706.00*0.00~
DTM*004*20220516~
DTM*003*20220519~
RMR*IV*SI-15181**4454.91*4454.91*0.00~
DTM*004*20220509~
DTM*003*20220519~
RMR*IV*SI-15261**578.62*578.62*0.00~
DTM*004*20220512~
DTM*003*20220520~
RMR*IV*SI-15370**5904.25*5904.25*0.00~
DTM*004*20220518~
DTM*003*20220524~
RMR*IV*SI-15481**4850.19*4850.19*0.00~
DTM*004*20220524~
DTM*003*20220526~
RMR*IV*SI-15552**1118.70*1118.70*0.00~
DTM*004*20220526~
DTM*003*20220531~
RMR*IV*SI-15603**4530.74*4530.74*0.00~
DTM*004*20220530~
DTM*003*20220531~
SE*45*0001~
ST*820*0002~
BPR*C*107034.56*C*CHK**01*CHASCATTXXX*DA*4000011210*******20230510~
TRN*1*2000055115~
CUR*PE*CAD~
REF*CK*200000*C2~
REF*RU*00PY1~
N1*PR*CALEA LTD.~
N3*2785 SKYMARK AVENUE*SUit 100~
N4*MISSISSAUGA*ON*L4W 4Y3*CA~
N1*PE*TELUS COMMUNICATIONS INC.*91*99075024~
N3*PO BOX 7575~
N4*VANCOUVER*BC*V6B 8N9*CA~
ENT*1~
RMR*CL*DEBITMEMO**-2300.00**0.00~
DTM*004*20230510~
DTM*003*20230510~
RMR*IV*4540341108APR22**2188.73*2188.73*0.00~
DTM*004*20220420~
DTM*003*20220503~
RMR*IV*4032581470MAR22**294.35*294.35*0.00~
DTM*004*20220304~
DTM*003*20220516~
RMR*IV*256104538MAY22**912.74*912.74*0.00~
DTM*004*20220504~
DTM*003*20220516~
RMR*IV*2307314723APR22**2246.83*2246.83*0.00~
DTM*004*20220428~
DTM*003*20220517~
RMR*IV*4032581470MAY22**294.20*294.20*0.00~
DTM*004*20220504~
DTM*003*20220517~
RMR*IV*2142154488APR22**3620.60*3620.60*0.00~
DTM*004*20220428~
DTM*003*20220517~
RMR*IV*2307314723MAR22**1210.85*1210.85*0.00~
DTM*004*20220328~
DTM*003*20220517~
RMR*IV*4032581470APR22**293.54*293.54*0.00~
DTM*004*20220404~
DTM*003*20220517~
RMR*IV*6042998733MAY22**133.97*133.97*0.00~
DTM*004*20220517~
DTM*003*20220530~
RMR*IV*4033010245MAR22**90.98*90.98*0.00~
DTM*004*20220320~
DTM*003*20220530~
RMR*IV*4032525493MAY22**101.48*101.48*0.00~
DTM*004*20220504~
DTM*003*20220530~
RMR*IV*4541930101MAY22**33.55*33.55*0.00~
DTM*004*20220504~
DTM*003*20220530~
RMR*IV*2561045384MAY22**912.74*912.74*0.00~
NTE*OTH*TO TEST THE TEXT GET PRINTED ON CHECK STUB~
DTM*004*20220504~
DTM*003*20220530~
RMR*IV*RCP TEST 1**97000.00*100000.00*3000.00~
NTE*OTH*TO TEST THE TEXT GET PRINTED ON CHECK STUB~
DTM*004*20230510~
DTM*003*20230510~
SE*61*0002~
GE*2*300000000~
IEA*1*300000000~