ISA*00*          *00*          *ZZ*FRESENIUSPHARMT*01*006981815TST   *230113*1819*U*00401*100000033*0*T*\~
GS*RA*FRESENIUSPHARMT*006981815TST*20230113*1819*100000033*X*004010~
ST*820*0001~
BPR*C*740.00*C*CHK**01*071923226*DA*921259958*******20230113~
TRN*1*2000380350~
CUR*PE*USD~
REF*CK*600172*B1~
REF*RU*00HQ1~
N1*PR*FRESENIUS KABI, LLC~
N3*THREE CORPORATE DRIVE~
N4*LAKE ZURICH*IL*60047*US~
N1*PE*TENNESSEE CANCER SPECIALIST PLLC*91*779~
N3*900 E HILL AVE STE 230~
N4*KNOXVILLE*TN*37915*US~
ENT*1~
RMR*IV*1600037581**2000.00*2000.00*0.00~
DTM*004*20220531~
DTM*003*20220531~
RMR*CL*06012022**-360.00**0.00~
DTM*004*20220601~
DTM*003*20220601~
RMR*CL*06012022**-900.00**0.00~
DTM*004*20220607~
DTM*003*20220607~
SE*23*0001~
GE*1*100000033~
IEA*1*100000033~