ISA*00**00**ZZ*794519020*ZZ*BOFA           *221029*0555*U*00401*000000017*0*T*\~GS*RA*FRESENIUS*BOFA*20221029*0555*000000017*X*004010~ST*820*0001~BPR*C*8194.71*C*CCC**01*071000505*DA*123456***01**DA**20221014~TRN*1*2000379924~REF*PSM*101009390*101009390~N1*PE*VWR FUNDING, INC.*ZZ*0099040139~N3*N/A~N4*PITTSBURGH*PA*152640169*US~N1*PR*FRESENIUS KABI USA, LLC~N3*THREE CORPORATE DRIVE~N4*LAKE ZURICH*IL*60047*US~ENT*1~RMR*IV*8808641173**183.21~REF*ZZ*5100577790~DTM*003*20220531~RMR*IV*8808665065**826.74~REF*ZZ*5100578229~DTM*003*20220602~RMR*IV*8808678106**519.09~REF*ZZ*5100578289~DTM*003*20220603~RMR*IV*8808593929**6665.67~REF*ZZ*5100578365~DTM*003*20220524~SE*24*0001~GE*1*000000017~IEA*1*000000017~