ISA*00*          *00*          *ZZ****221029*0505*U*00401*000000017*0**\
GS*RA***20221029*0505*000000017*X*004010
ST*820*0001
BPR*C*1032.53*C*CHK**01*071923226*DA*921259958*******20221011
TRN*1*2000380148
CUR*PE*USD
REF*CK*600002*A1
REF*RU*00000
N1*PR*FRESENIUS KABI USA, LLC
N3*THREE CORPORATE DRIVE
N4*LAKE ZURICH*IL*60047*US
N1*PE*DBA CHEN TEST FOR RCP*91*951954
N3*NA
N4*LAKE ZURICH*IL**US
ENT*1
RMR*IV*1900294974**1032.53
REF*PO*18D0A39C498DAECA
DTM*004*20220504
DTM*003*20220517
SE*18*0001
GE*1*000000017
IEA*1*000000017
