ISA*00*          *00*          *ZZ*FRESENIUSPHARMT*01*006981815TST   *221208*0337*U*00401*100000033*0*T*\~
GS*RA*FRESENIUSPHARMT*006981815TST*20221208*0337*100000033*X*004010~
ST*820*0001~
BPR*C*62443.39*C*CHK**01*071923226*DA*921259958*******20221207~
TRN*1*2000380083~
CUR*PE*USD~
REF*CK*600087*A1~
REF*RU*00000~
N1*PR*FRESENIUS KABI USA, LLC~
N3*THREE CORPORATE DRIVE~
N4*LAKE ZURICH*IL*60047*US~
N1*PE*DBA CDW DIRECT LLC FOR RCP TEST*91*99069257~
N3*200 N MILWAUKEE AVE~
N4*VERNON HILLS*IL*60061*US~
ENT*1~
RMR*CL*CREDIT MEMO - TE**-2500.00**0.00~
DTM*004*20221206~
DTM*003*20221206~
RMR*IV*CASH DIS TEST**14700.00*15000.00*300.00~
DTM*004*20221206~
DTM*003*20221206~
RMR*IV** VALUES IN LINE**3500.00*3500.00*0.00~
REF*PO*ACCOUNT NO 1234567890-01234 TEST FOR RCP123456789~
DTM*004*20221206~
DTM*003*20221206~
RMR*IV*T196563**12122.88*12122.88*0.00~
DTM*004*20220308~
DTM*003*20220317~
RMR*IV*W355627**2403.42*2403.42*0.00~
DTM*004*20220425~
DTM*003*20220427~
RMR*IV*W570413**1261.68*1261.68*0.00~
DTM*004*20220428~
DTM*003*20220429~
RMR*IV*W675556**14537.91*14537.91*0.00~
DTM*004*20220430~
DTM*003*20220504~
RMR*IV*W791023**2233.96*2233.96*0.00~
DTM*004*20220503~
DTM*003*20220509~
RMR*IV*X015987**398.22*398.22*0.00~
DTM*004*20220509~
DTM*003*20220515~
RMR*IV*W768565**199.20*199.20*0.00~
DTM*004*20220503~
DTM*003*20220526~
RMR*IV*X733923**52.20*52.20*0.00~
DTM*004*20220525~
DTM*003*20220526~
RMR*IV*X771194**116.12*116.12*0.00~
DTM*004*20220525~
DTM*003*20220527~
RMR*IV*X889645**13417.80*13417.80*0.00~
DTM*004*20220527~
DTM*003*20220602~
SE*54*0001~
GE*1*100000033~
IEA*1*100000033~