ISA*00*          *00*          *ZZ*FRESENIUSPHARMT*01*006981815TST   *221122*1701*U*00401*100000025*0*T*\~
GS*RA*FRESENIUSPHARMT*006981815TST*20221122*1701*100000025*X*004010~
ST*820*0001~
BPR*C*2326.90*C*CHK**01*071923226*DA*921259958*******20221122~
TRN*1*2000379947~
CUR*PE*USD~
REF*CK*600015*A1~
REF*RU*00000~
N1*PR*FRESENIUS KABI USA, LLC~
N3*THREE CORPORATE DRIVE~
N4*LAKE ZURICH*IL*60047*US~
N1*PE*FRESENIUS KABI ESPANA SAU*91*404760~
N3*MARINA 16-18 PLANTA 6 TORRE MAPFRE~
N4*BARCELONA*08*08005*ES~
ENT*1~
RMR*IV*1400372356**2326.90*2326.90*0.00~
REF*PO*IHC  USD  20160~
DTM*004*20200825~
DTM*003*20200825~
SE*18*0001~
ST*820*0002~
BPR*C*26.86*C*CHK**01*071923226*DA*921259958*******20221122~
TRN*1*2000379948~
CUR*PE*USD~
REF*CK*600016*A1~
REF*RU*00000~
N1*PR*FRESENIUS KABI, LLC~
N3*THREE CORPORATE DRIVE~
N4*LAKE ZURICH*IL*60047*US~
N1*PE*MANSOOR JAVEED MD*91*905192~
N3*1631 CREEKSIDE DR STE 102~
N4*FOLSOM*CA*95630*US~
ENT*1~
RMR*IV*9401129905**26.86*26.86*0.00~
REF*PO*THIRD PARTY~
DTM*004*20210118~
DTM*003*20210118~
SE*18*0002~
ST*820*0003~
BPR*C*8370.00*C*CHK**01*071923226*DA*921259958*******20221122~
TRN*1*2000379953~
CUR*PE*USD~
REF*CK*600017*A1~
REF*RU*00000~
N1*PR*FRESENIUS KABI, LLC~
N3*THREE CORPORATE DRIVE~
N4*LAKE ZURICH*IL*60047*US~
N1*PE*BAR CODE DIRECT, INC.*91*99105982~
N3*41 NORTH MAIN ST.~
N4*NORTH GRAFTON*MA*01536*US~
ENT*1~
RMR*IV*1900040284**8370.00*8370.00*0.00~
REF*PO*59219~
DTM*004*20220228~
DTM*003*20220605~
SE*18*0003~
ST*820*0004~
BPR*C*386.33*C*CHK**01*071923226*DA*921259958*******20221122~
TRN*1*2000379954~
CUR*PE*USD~
REF*CK*600018*A1~
REF*RU*00000~
N1*PR*FRESENIUS KABI, LLC~
N3*THREE CORPORATE DRIVE~
N4*LAKE ZURICH*IL*60047*US~
N1*PE*TELASSIST INC*91*99108141~
N3*PO BOX 95117~
N4*CHICAGO*IL*60694*US~
ENT*1~
RMR*IV*1900040331**386.33*386.33*0.00~
REF*PO*000025-436-091~
DTM*004*20220601~
DTM*003*20220607~
SE*18*0004~
GE*4*100000025~
IEA*1*100000025~