ISA*00*          *00*          *ZZ*FRESENIUSPHARMT*01*006981815TST   *230118*1625*U*00401*100000035*0*T*\~
GS*RA*FRESENIUSPHARMT*006981815TST*20230118*1625*100000035*X*004010~
ST*820*0001~
BPR*C*300.00*C*CHK**01*071923226*DA*921259958*******20230117~
TRN*1*2000380421~
CUR*PE*USD~
REF*CK*600122*A1~
REF*RU*00HQ1~
N1*PR*FRESENIUS KABI USA, LLC~
N3*THREE CORPORATE DRIVE~
N4*LAKE ZURICH*IL*60047*US~
N1*PE*LLC*91*99126707~
N3*ONE COMCAST CENTER 32 FLOOR~
N4*PHILADELPHIA*PA*19103*US~
ENT*1~
RMR*IV*TESTHQ1**300.00*300.00*0.00~
NTE*OTH*TEST TEXT 5678~
DTM*004*20230101~
DTM*003*20230106~
SE*18*0001~
GE*1*100000035~
IEA*1*100000035~